%% This BibTeX bibliography file was created using BibDesk.
%% https://bibdesk.sourceforge.io/

%% Created for Ethan Levien at 2022-12-12 20:35:52 -0500 


%% Saved with string encoding Unicode (UTF-8) 



@article{Anderson2008aa,
	abstract = {We consider stochastically modeled chemical reaction systems with mass-action kinetics and prove that a product-form stationary distribution exists for each closed, irreducible subset of the state space if an analogous deterministically modeled system with mass-action kinetics admits a complex balanced equilibrium. Feinberg's deficiency zero theorem then implies that such a distribution exists so long as the corresponding chemical network is weakly reversible and has a deficiency of zero. The main parameter of the stationary distribution for the stochastically modeled system is a complex balanced equilibrium value for the corresponding deterministically modeled system. We also generalize our main result to some non-mass-action kinetics.},
	author = {David F. Anderson and Gheorghe Craciun and Thomas G. Kurtz},
	date-added = {2022-12-12 20:35:39 -0500},
	date-modified = {2022-12-12 20:35:52 -0500},
	eprint = {0803.3042},
	month = {03},
	title = {Product-form stationary distributions for deficiency zero chemical reaction networks},
	url = {https://arxiv.org/pdf/0803.3042.pdf},
	year = {2008},
	bdsk-url-1 = {https://arxiv.org/pdf/0803.3042.pdf},
	bdsk-url-2 = {https://arxiv.org/abs/0803.3042}}

@article{Betancourt2017aa,
	abstract = {Hamiltonian Monte Carlo has proven a remarkable empirical success, but only recently have we begun to develop a rigorous understanding of why it performs so well on difficult problems and how it is best applied in practice. Unfortunately, that understanding is confined within the mathematics of differential geometry which has limited its dissemination, especially to the applied communities for which it is particularly important. In this review I provide a comprehensive conceptual account of these theoretical foundations, focusing on developing a principled intuition behind the method and its optimal implementations rather of any exhaustive rigor. Whether a practitioner or a statistician, the dedicated reader will acquire a solid grasp of how Hamiltonian Monte Carlo works, when it succeeds, and, perhaps most importantly, when it fails.},
	author = {Michael Betancourt},
	date-added = {2022-12-12 20:16:38 -0500},
	date-modified = {2022-12-12 20:16:45 -0500},
	eprint = {1701.02434},
	month = {01},
	title = {A Conceptual Introduction to Hamiltonian Monte Carlo},
	url = {https://arxiv.org/pdf/1701.02434.pdf},
	year = {2017},
	bdsk-url-1 = {https://arxiv.org/pdf/1701.02434.pdf},
	bdsk-url-2 = {https://arxiv.org/abs/1701.02434}}

@article{Belkin2019,
	author = {Mikhail Belkin and Daniel Hsu and Siyuan Ma and Soumik Mandal},
	date-added = {2022-12-12 19:53:15 -0500},
	date-modified = {2022-12-12 19:53:20 -0500},
	doi = {10.1073/pnas.1903070116},
	journal = {Proceedings of the National Academy of Sciences},
	month = {jul},
	number = {32},
	pages = {15849--15854},
	publisher = {Proceedings of the National Academy of Sciences},
	title = {Reconciling modern machine-learning practice and the classical bias{\textendash}variance trade-off},
	url = {https://doi.org/10.1073%2Fpnas.1903070116},
	volume = {116},
	year = 2019,
	bdsk-url-1 = {https://doi.org/10.1073%2Fpnas.1903070116},
	bdsk-url-2 = {https://doi.org/10.1073/pnas.1903070116}}

@article{Reddy_2021,
	author = {Gautam Reddy and Michael M Desai},
	date-added = {2022-11-08 14:32:10 -0500},
	date-modified = {2022-11-08 14:32:10 -0500},
	doi = {10.7554/elife.64740},
	journal = {{eLife}},
	month = {mar},
	publisher = {{eLife} Sciences Publications, Ltd},
	title = {Global epistasis emerges from a generic model of a complex trait},
	url = {https://doi.org/10.7554%2Felife.64740},
	volume = {10},
	year = 2021,
	bdsk-url-1 = {https://doi.org/10.7554%2Felife.64740},
	bdsk-url-2 = {https://doi.org/10.7554/elife.64740}}

@article{Lyons_2020,
	author = {Daniel M. Lyons and Zhengting Zou and Haiqing Xu and Jianzhi Zhang},
	date-added = {2022-11-08 14:16:59 -0500},
	date-modified = {2022-11-08 14:19:26 -0500},
	doi = {10.1038/s41559-020-01286-y},
	journal = {Nature Ecology and Evolution},
	month = {sep},
	number = {12},
	pages = {1685--1693},
	publisher = {Springer Science and Business Media {LLC}},
	title = {Idiosyncratic epistasis creates universals in mutational effects and evolutionary trajectories},
	url = {https://doi.org/10.1038%2Fs41559-020-01286-y},
	volume = {4},
	year = 2020,
	bdsk-url-1 = {https://doi.org/10.1038%2Fs41559-020-01286-y},
	bdsk-url-2 = {https://doi.org/10.1038/s41559-020-01286-y}}

@article{gillespie1980,
	author = {Gillespie, John H},
	date-added = {2022-09-11 16:57:29 -0400},
	date-modified = {2022-09-11 16:57:52 -0400},
	issn = {00030147, 15375323},
	journal = {The American Naturalist},
	number = {3},
	pages = {445--447},
	publisher = {[University of Chicago Press, American Society of Naturalists]},
	title = {Natural Selection for Variation in Offspring Numbers: Comments on a Paper by J. H. Gillespie},
	url = {http://www.jstor.org/stable/2460729},
	urldate = {2022-09-11},
	volume = {115},
	year = {1980},
	bdsk-url-1 = {http://www.jstor.org/stable/2460729}}

@article{Hallatschek2017,
	author = {Oskar Hallatschek},
	date-added = {2022-09-11 16:12:15 -0400},
	date-modified = {2022-09-11 16:12:24 -0400},
	doi = {10.1101/182519},
	month = {aug},
	publisher = {Cold Spring Harbor Laboratory},
	title = {Selection-like biases emerge in population models with recurrent jackpot events},
	url = {https://doi.org/10.1101%2F182519},
	year = 2017,
	bdsk-url-1 = {https://doi.org/10.1101%2F182519},
	bdsk-url-2 = {https://doi.org/10.1101/182519}}

@article{cite-key,
	date-added = {2022-09-11 16:54:51 -0400},
	date-modified = {2022-09-11 16:55:03 -0400}}

@article{Manhart2022,
	author = {Fink,+Justus+Wilhelm and Held,+Noelle+A. and Manhart,+Michael},
	date-added = {2022-09-11 15:37:33 -0400},
	date-modified = {2022-09-11 15:38:01 -0400},
	journal = {bioRxiv},
	title = {Microbial population dynamics decouple nutrient affinity from environmental concentration},
	year = {2022}}

@article{Monod1949,
	author = {Jacques Monod},
	date-added = {2022-09-11 11:51:16 -0400},
	date-modified = {2022-09-11 11:51:48 -0400},
	doi = {10.1146/annurev.mi.03.100149.002103},
	journal = {Annual Review of Microbiology},
	month = {oct},
	number = {1},
	pages = {371--394},
	publisher = {Annual Reviews},
	title = {The Growth of bacterial cultures},
	url = {https://doi.org/10.1146%2Fannurev.mi.03.100149.002103},
	volume = {3},
	year = 1949,
	bdsk-url-1 = {https://doi.org/10.1146%2Fannurev.mi.03.100149.002103},
	bdsk-url-2 = {https://doi.org/10.1146/annurev.mi.03.100149.002103}}

@article{Takahashi2014,
	author = {Chris N. Takahashi and Aaron W. Miller and Felix Ekness and Maitreya J. Dunham and Eric Klavins},
	date-added = {2022-09-11 11:48:54 -0400},
	date-modified = {2022-09-11 11:49:05 -0400},
	doi = {10.1021/sb500165g},
	journal = {{ACS} Synthetic Biology},
	month = {aug},
	number = {1},
	pages = {32--38},
	publisher = {American Chemical Society ({ACS})},
	title = {A Low Cost, Customizable Turbidostat for Use in Synthetic Circuit Characterization},
	url = {https://doi.org/10.1021%2Fsb500165g},
	volume = {4},
	year = 2014,
	bdsk-url-1 = {https://doi.org/10.1021%2Fsb500165g},
	bdsk-url-2 = {https://doi.org/10.1021/sb500165g}}

@article{lin2020_evo,
	author = {Jie Lin and Michael Manhart and Ariel Amir},
	date-added = {2022-09-11 11:48:02 -0400},
	date-modified = {2022-09-11 11:48:10 -0400},
	doi = {10.1534/genetics.120.303149},
	journal = {Genetics},
	month = {jul},
	number = {3},
	pages = {767--777},
	publisher = {Oxford University Press ({OUP})},
	title = {Evolution of Microbial Growth Traits Under Serial Dilution},
	url = {https://doi.org/10.1534%2Fgenetics.120.303149},
	volume = {215},
	year = 2020,
	bdsk-url-1 = {https://doi.org/10.1534%2Fgenetics.120.303149},
	bdsk-url-2 = {https://doi.org/10.1534/genetics.120.303149}}

@article{SMITH2019,
	abstract = {Communication and cooperation are not restricted to complex, higher organisms. Microbes, too, perform a variety of collective, multicellular behaviors, including biofilm formation, quorum sensing, nutrient acquisition, and dispersal. The products of these microbial cooperative behaviors are generally referred to as public goods. Here we describe the nature of microbial public goods, the associated problem of cheating, and ways in which microbes maintain public goods in the face of cheating. We highlight work in a growing field at the interface of microbiology, evolution, and ecology that combines multiple approaches in experimental evolution, genetics, and mathematical modeling.},
	author = {Smith, Parker and Schuster, Martin},
	date-added = {2021-04-27 18:55:01 -0400},
	date-modified = {2021-04-27 18:55:07 -0400},
	doi = {https://doi.org/10.1016/j.cub.2019.03.001},
	issn = {0960-9822},
	journal = {Current Biology},
	number = {11},
	pages = {R442-R447},
	title = {Public goods and cheating in microbes},
	url = {https://www.sciencedirect.com/science/article/pii/S0960982219302660},
	volume = {29},
	year = {2019},
	bdsk-url-1 = {https://www.sciencedirect.com/science/article/pii/S0960982219302660},
	bdsk-url-2 = {https://doi.org/10.1016/j.cub.2019.03.001}}

@article{luria1943,
	author = {Luria, Salvador and Delbruck, Max},
	date-added = {2020-10-21 16:39:09 -0400},
	date-modified = {2020-10-21 16:39:52 -0400},
	journal = {Genetics},
	number = {6},
	pages = {491--511},
	title = {Mutations of bacteria from virus sensitivity to virus resistance},
	volume = {28},
	year = {1943}}

@article{levien2020review,
	author = {Levien, Ethan and Min, Jiseon and Kondev, Jane and Amir, Ariel},
	date-added = {2020-10-06 11:14:19 -0400},
	date-modified = {2020-10-13 14:16:17 -0400},
	journal = {arxiv.org/abs/2010.05672},
	title = {Non-genetic variability: survival strategy or nuisance?},
	year = {2020}}

@article{levien2017jcp,
	abstract = {Many biochemical systems appearing in applications have a multiscale structure so that they converge to piecewise deterministic Markov processes in a thermodynamic limit. The statistics of the piecewise deterministic process can be obtained much more efficiently than those of the exact process. We explore the possibility of coupling sample paths of the exact model to the piecewise deterministic process in order to reduce the variance of their difference. We then apply this coupling to reduce the computational complexity of a Monte Carlo estimator. Motivated by the rigorous results in [1], we show how this method can be applied to realistic biological models with nontrivial scalings.},
	author = {Levien, Ethan and Bressloff, Paul C.},
	date-added = {2020-10-06 11:13:23 -0400},
	date-modified = {2020-10-06 11:13:35 -0400},
	doi = {https://doi.org/10.1016/j.jcp.2017.05.050},
	issn = {0021-9991},
	journal = {Journal of Computational Physics},
	keywords = {Chemical reaction networks, Monte Carlo, Variance reduction, Piecewise deterministic Markov process, Gillespie algorithm},
	pages = {1 - 13},
	title = {Coupling sample paths to the thermodynamic limit in Monte Carlo estimators with applications to gene expression},
	url = {http://www.sciencedirect.com/science/article/pii/S0021999117304436},
	volume = {346},
	year = {2017},
	bdsk-url-1 = {http://www.sciencedirect.com/science/article/pii/S0021999117304436},
	bdsk-url-2 = {https://doi.org/10.1016/j.jcp.2017.05.050}}

@article{swain2016,
	author = {Swain, Peter S. and Stevenson, Keiran and Leary, Allen and Montano-Gutierrez, Luis F. and Clark, Ivan B.N. and Vogel, Jackie and Pilizota, Teuta},
	date-added = {2020-09-30 18:46:06 -0400},
	date-modified = {2020-09-30 18:46:13 -0400},
	doi = {10.1038/ncomms13766},
	journal = {Nature Communications},
	month = {dec},
	number = {1},
	publisher = {Springer Science and Business Media {LLC}},
	title = {Inferring time derivatives including cell growth rates using Gaussian processes},
	url = {https://doi.org/10.1038%2Fncomms13766},
	volume = {7},
	year = 2016,
	bdsk-url-1 = {https://doi.org/10.1038%2Fncomms13766},
	bdsk-url-2 = {https://doi.org/10.1038/ncomms13766}}

@article{soifer2016,
	author = {Soifer, Ilya and Robert, Lydia and Amir, Ariel},
	date-added = {2020-09-22 12:07:01 -0400},
	date-modified = {2020-09-22 12:07:19 -0400},
	doi = {10.1016/j.cub.2015.11.067},
	journal = {Current Biology},
	month = {feb},
	number = {3},
	pages = {356--361},
	publisher = {Elsevier {BV}},
	title = {Single-Cell Analysis of Growth in Budding Yeast and Bacteria Reveals a Common Size Regulation Strategy},
	url = {https://doi.org/10.1016%2Fj.cub.2015.11.067},
	volume = {26},
	year = 2016,
	bdsk-url-1 = {https://doi.org/10.1016%2Fj.cub.2015.11.067},
	bdsk-url-2 = {https://doi.org/10.1016/j.cub.2015.11.067}}

@article{godin2010,
	author = {Godin, Michel and Feijo Delgado, Francisco and Son, Sungmin and Grover, William H and Bryan, Andrea K and Tzur, Amit and Jorgensen, Paul and Payer, Kris and Grossman, Alan D and Kirschner, Marc Wand Manalis, Scott R},
	date-added = {2020-09-22 12:03:48 -0400},
	date-modified = {2020-09-22 12:05:35 -0400},
	doi = {10.1038/nmeth.1452},
	journal = {Nature Methods},
	month = {apr},
	number = {5},
	pages = {387--390},
	publisher = {Springer Science and Business Media {LLC}},
	title = {Using buoyant mass to measure the growth of single cells},
	url = {https://doi.org/10.1038%2Fnmeth.1452},
	volume = {7},
	year = 2010,
	bdsk-url-1 = {https://doi.org/10.1038%2Fnmeth.1452},
	bdsk-url-2 = {https://doi.org/10.1038/nmeth.1452}}

@article{susman2018aa,
	author = {Susman, Lee and Kohram, Maryam and Vashistha, Harsh and Nechleba, Jeffrey T. and Salman, Hanna and Brenner, Naama},
	date-added = {2020-09-21 16:35:05 -0400},
	date-modified = {2020-09-21 16:40:40 -0400},
	journal = {Proceedings of the National Academy of Sciences},
	number = {25},
	pages = {E5679--E5687},
	title = {Individuality and slow dynamics in bacterial growth homeostasis},
	volume = {115},
	year = {2018}}

@article{genthon2020,
	author = {Genthon, Arthur and Lacoste, David},
	date-added = {2020-09-21 16:31:56 -0400},
	date-modified = {2020-12-21 14:24:39 -0500},
	doi = {10.1038/s41598-020-68444-x},
	journal = {Scientific Reports},
	number = {1},
	pages = {11889},
	publisher = {Springer Science and Business Media {LLC}},
	title = {Fluctuation relations and fitness landscapes of growing cell populations},
	url = {https://doi.org/10.1038%2Fs41598-020-68444-x},
	volume = {10},
	year = 2020,
	bdsk-url-1 = {https://doi.org/10.1038%2Fs41598-020-68444-x},
	bdsk-url-2 = {https://doi.org/10.1038/s41598-020-68444-x}}

@article{willis2020,
	author = {Willis, Lisa and Jonsson, Henrik and Huang, Kerwyn Casey},
	date-added = {2020-09-17 18:41:25 -0400},
	date-modified = {2020-09-17 18:41:53 -0400},
	doi = {10.1016/j.celrep.2020.107992},
	journal = {Cell Reports},
	month = {aug},
	number = {6},
	pages = {107992},
	publisher = {Elsevier {BV}},
	title = {Limits and Constraints on Mechanisms of Cell-Cycle Regulation Imposed by Cell Size-Homeostasis Measurements},
	url = {https://doi.org/10.1016%2Fj.celrep.2020.107992},
	volume = {32},
	year = 2020,
	bdsk-url-1 = {https://doi.org/10.1016%2Fj.celrep.2020.107992},
	bdsk-url-2 = {https://doi.org/10.1016/j.celrep.2020.107992}}

@article{bressloff2018,
	author = {Bressloff, Paul C and Levien, Ethan},
	date-added = {2020-09-17 18:08:37 -0400},
	date-modified = {2020-09-17 18:08:53 -0400},
	doi = {10.1007/s11538-018-00538-0},
	journal = {Bulletin of Mathematical Biology},
	month = {dec},
	number = {3},
	pages = {800--829},
	publisher = {Springer Science and Business Media {LLC}},
	title = {Propagation of Extrinsic Fluctuations in Biochemical Birth{\textendash}Death Processes},
	url = {https://doi.org/10.1007%2Fs11538-018-00538-0},
	volume = {81},
	year = 2018,
	bdsk-url-1 = {https://doi.org/10.1007%2Fs11538-018-00538-0},
	bdsk-url-2 = {https://doi.org/10.1007/s11538-018-00538-0}}

@article{levien2017,
	author = {Levien, Ethan and Bressloff, Paul C},
	date-added = {2020-09-17 18:07:44 -0400},
	date-modified = {2020-09-17 18:07:49 -0400},
	doi = {10.1088/1751-8121/aa91de},
	journal = {Journal of Physics A: Mathematical and Theoretical},
	month = {nov},
	number = {47},
	pages = {475004},
	publisher = {{IOP} Publishing},
	title = {On balance relations for irreversible chemical reaction networks},
	url = {https://doi.org/10.1088%2F1751-8121%2Faa91de},
	volume = {50},
	year = 2017,
	bdsk-url-1 = {https://doi.org/10.1088%2F1751-8121%2Faa91de},
	bdsk-url-2 = {https://doi.org/10.1088/1751-8121/aa91de}}

@article{wong2018,
	author = {Wong, Brandon G and Mancuso, Christopher P and Kiriakov, Szilvia and Bashor, Caleb J and Khalil, Ahmad S},
	date-added = {2020-09-16 18:03:16 -0400},
	date-modified = {2020-09-16 18:03:21 -0400},
	doi = {10.1038/nbt.4151},
	journal = {Nature Biotechnology},
	month = {jun},
	number = {7},
	pages = {614--623},
	publisher = {Springer Science and Business Media {LLC}},
	title = {Precise, automated control of conditions for high-throughput growth of yeast and bacteria with {eVOLVER}},
	url = {https://doi.org/10.1038%2Fnbt.4151},
	volume = {36},
	year = 2018,
	bdsk-url-1 = {https://doi.org/10.1038%2Fnbt.4151},
	bdsk-url-2 = {https://doi.org/10.1038/nbt.4151}}

@article{bashor2019,
	author = {Bashor, Caleb J. and Patel, Nikit and Choubey, Sandeep and Beyzavi, Ali and Kondev, Jane and Collins, James J. and Khalil, Ahmad+S.},
	date-added = {2020-09-16 18:01:31 -0400},
	date-modified = {2020-09-16 18:02:09 -0400},
	journal = {Science},
	number = {6440},
	pages = {593--597},
	title = {Complex signal processing in synthetic gene circuits using cooperative regulatory assemblies},
	volume = {364},
	year = {2019}}

@incollection{rasmussen2004,
	author = {Rasmussen, Carl Edward},
	booktitle = {Advanced Lectures on Machine Learning},
	date-added = {2020-09-15 17:52:42 -0400},
	date-modified = {2020-09-15 17:52:47 -0400},
	doi = {10.1007/978-3-540-28650-9_4},
	pages = {63--71},
	publisher = {Springer Berlin Heidelberg},
	title = {Gaussian Processes in Machine Learning},
	url = {https://doi.org/10.1007%2F978-3-540-28650-9_4},
	year = 2004,
	bdsk-url-1 = {https://doi.org/10.1007%2F978-3-540-28650-9_4},
	bdsk-url-2 = {https://doi.org/10.1007/978-3-540-28650-9_4}}

@article{bressloff2015aa,
	author = {Bressloff, Paul C and Levien, Ethan},
	date-added = {2020-09-15 17:25:38 -0400},
	date-modified = {2020-09-15 17:25:56 -0400},
	doi = {10.1103/PhysRevLett.114.168101},
	journal = {Physical Review Letters},
	number = {16},
	title = {Synaptic Democracy and Vesicular Transport in Axons},
	volume = {114},
	year = {2015},
	bdsk-url-1 = {https://doi.org/10.1103/PhysRevLett.114.168101}}

@article{colangeli2018,
	author = {Colangeli, R. and Jedrey, Hannah and Kim, S. and Connell, Roy and Ma, S. and Venkata, Uma D Chippada and Chakravorty, S. and Gupta, A. and Sizemore, Erin and Diem, L. and Sherman, D. and Okwera, A. and Dietze, R. and Boom, H. and Johnson, J. L. and Kenzie, W. M. Mac and Alland, D.},
	date-added = {2020-09-15 16:06:48 -0400},
	date-modified = {2020-09-15 16:07:00 -0400},
	journal = {The New England Journal of Medicine},
	pages = {823--833},
	title = {Bacterial Factors That Predict Relapse after Tuberculosis Therapy},
	volume = {379},
	year = {2018}}

@article{levien2020b,
	author = {Levien, Ethan and GrandPre, Trevor and Amir, Ariel},
	date-added = {2020-09-15 14:31:19 -0400},
	date-modified = {2020-09-15 14:31:46 -0400},
	doi = {10.1103/PhysRevLett.125.048102},
	journal = {Physical Review Letters},
	number = {4},
	title = {Large Deviation Principle Linking Lineage Statistics to Fitness in Microbial Populations},
	volume = {125},
	year = {2020},
	bdsk-url-1 = {https://doi.org/10.1103/PhysRevLett.125.048102}}

@article{rego2017,
	author = {Rego, E. Hesper and Audette, Rebecca E. and Rubin, Eric J.},
	date-added = {2020-09-10 16:33:35 -0400},
	date-modified = {2020-09-10 16:33:41 -0400},
	doi = {10.1038/nature22361},
	journal = {Nature},
	month = {may},
	number = {7656},
	pages = {153--157},
	publisher = {Springer Science and Business Media {LLC}},
	title = {Deletion of a mycobacterial divisome factor collapses single-cell phenotypic heterogeneity},
	url = {https://doi.org/10.1038%2Fnature22361},
	volume = {546},
	year = 2017,
	bdsk-url-1 = {https://doi.org/10.1038%2Fnature22361},
	bdsk-url-2 = {https://doi.org/10.1038/nature22361}}

@article{vanvliet2018,
	abstract = {Summary
Gene expression levels in clonal bacterial groups have been found to be spatially correlated. These correlations can partly be explained by the shared lineage history of nearby cells, although they could also arise from local cell-cell interactions. Here, we present a quantitative framework that allows us to disentangle the contributions of lineage history, long-range spatial gradients, and local cell-cell interactions to spatial correlations in gene expression. We study pathways involved in toxin production, SOS stress response, and metabolism in Escherichia coli microcolonies and find for all pathways that shared lineage history is the main cause of spatial correlations in gene expression levels. However, long-range spatial gradients and local cell-cell interactions also contributed to spatial correlations in SOS response, amino acid biosynthesis, and overall metabolic activity. Together, our data show that the phenotype of a cell is influenced by its lineage history and population context, raising the question of whether bacteria can arrange their activities in space to perform functions they cannot achieve alone.},
	author = {van Vliet, Simonand and Dal Co, Alma and Winkler, Annina R. and Spriewald, Stefanie and Stecher, B{\"a}rbel and Ackermann, Martin},
	date-added = {2020-08-28 16:04:57 -0400},
	date-modified = {2020-08-28 16:05:46 -0400},
	doi = {https://doi.org/10.1016/j.cels.2018.03.009},
	issn = {2405-4712},
	journal = {Cell Systems},
	keywords = {phenotypic heterogeneity, cell-cell interactions, emergent behavior, gene expression dynamics, , statistical method, spatial correlations},
	number = {4},
	pages = {496 - 507.e6},
	title = {Spatially Correlated Gene Expression in Bacterial Groups: The Role of Lineage History, Spatial Gradients, and Cell-Cell Interactions},
	url = {http://www.sciencedirect.com/science/article/pii/S2405471218301066},
	volume = {6},
	year = {2018},
	bdsk-url-1 = {http://www.sciencedirect.com/science/article/pii/S2405471218301066},
	bdsk-url-2 = {https://doi.org/10.1016/j.cels.2018.03.009}}

@misc{:aa,
	annote = {<!DOCTYPE html PUBLIC "-//W3C//DTD XHTML 1.0 Transitional//EN"
        "http://www.w3.org/TR/xhtml1/DTD/xhtml1-transitional.dtd">
<html>
<head>
<title>Error: DOI Not Found</title>

<meta http-equiv="Content-Type" content="text/html; charset=UTF-8" />

<link rel="icon" href="/static/img/favicon.png" />
<link rel="shortcut icon" href="/static/favicon.ico" type="image/x-icon" />
<link href="/static/style/new-style2.css" rel="stylesheet" type="text/css" />
</head>

<body>


<div style="background:#fcb426">
<img src="/static/img/banner-413.gif" alt="Logo" width="620" height="137" border="0" />
</div>

<div style="height:1px;background:#000000"></div>
<div style="height:1px;background:#54524f"></div>
<div style="height:1px;background:#f6911e"></div>


<!-- TABLE FOR NAVIGATION BAR -->
<table width="100%" border="0" cellpadding="0" cellspacing="0" id="navtable" align="center">
<tr>
    <td width="34" height="26" bgcolor="#231f20"><img src="/static/img/transparent.gif" alt="" width="1" height="1" /></td>

    <td height="26" bgcolor="#231f20" class="navtext">
    <a href="http://www.doi.org/index.html">HOME</a> &nbsp;|&nbsp;<a href="http://www.doi.org/hb.html">HANDBOOK</a> &nbsp;|&nbsp;<a href="http://www.doi.org/factsheets.html">FACTSHEETS</a> &nbsp;|&nbsp;<a href="http://www.doi.org/faq.html">FAQs</a> &nbsp;|&nbsp; <a href="http://www.doi.org/resources.html">RESOURCES</a> &nbsp;|&nbsp;<a href="http://www.doi.org/users.html">USERS</a> &nbsp;|&nbsp;<a href="http://www.doi.org/announce.html">NEWS</a> &nbsp;|&nbsp;<a href="http://www.doi.org/idf-members/index.html">MEMBERS AREA</a>
    </td>
  </tr>
</table>
<!-- END TABLE FOR NAVIGATION BAR -->

<div style="height:1px;background:#e3a44d"></div>
<div style="height:3px;background:#4d4942"></div>



<!-- TABLE FOR CONTENT -->
<table width="100%" border="0" cellpadding="0" cellspacing="0" bgcolor="#ffffff">
<tr>
<td colspan="6">
<img src="/static/img/transparent.gif" alt="" width="100" height="20" border="0" />
</td>
</tr>

<tr>

<td valign="top">

<h2>DOI Not Found</h2>

<div class="divider">&nbsp;</div>



<h3>10.1016/j.cels.2018.03.009Get</h3>

<div class="divider">&nbsp;</div>




<p>This DOI cannot be found in the DOI System.  Possible reasons are:</p>


<ul>

<li style="padding-bottom: .5em;">The DOI is incorrect in your source. Search for the item by name, title, or other metadata using a search engine.</li>

<li style="padding-bottom: .5em;">The DOI was copied incorrectly. Check to see that the string includes all the characters before and after the slash and no sentence punctuation marks.</li>

<li style="padding-bottom: .5em;">The DOI has not been activated yet.  Please try again later, and report the problem if the error continues.</li>

</ul>



<div class="divider">&nbsp;</div>

<p>You may report this error to the responsible DOI Registration Agency using the form below.  Include your email address to receive confirmation and feedback.</p>

<div style="padding-left: 4em;">

<form action="/notfound" method="post" enctype="application/x-www-form-urlencoded" name="notFoundForm">


<table border="0" cellspacing="3" cellpadding="3">
<tbody>
<tr>
<td>

<table border="0" align="center" cellpadding="3" cellspacing="3">
<tbody><tr>
<th  align="right" scope="row"><label>DOI:</label></th>
<td><input name="missingHandle" type="text" value="10.1016/j.cels.2018.03.009Get" size="42" readonly="readonly" /></td>
</tr>
<tr>
<th align="right" scope="row"><label>URL of Web Page Listing the DOI:</label></th>
<td><input name="referringPage" type="text" value="" size="42" readonly="readonly" /></td>
</tr>
<tr>
<th align="right" scope="row">Your Email Address:</th>
<td><input name="userEmailAddress" type="text" value="Please enter your email address" size="42" /></td>
</tr>
<tr>
<th align="right" scope="row" valign="top">Additional Information About the Error:</th>
<td><textarea name="comments" cols="30" rows="6"></textarea></td>
</tr>
</tbody>
</table>

</td>
</tr>
<tr>

<td align="right"><p><input name="send" type="submit" value="Submit Error Report" /></p></td>
</tr>
</tbody>
</table>

</form>
</div>




</td>
<td><img src="/static/img/transparent.gif" alt="" width="20" height="20" border="0" /></td>
</tr>
</table>

<div class="divider-full">&nbsp;</div>

<!-- TABLE FOR FOOTER -->

<table  border="0" cellpadding="0" cellspacing="0" align="center">

<tr>
<td align="center" colspan="2">
<a href="/help.html">DOI Resolution Documentation</a>
</td>
</tr>

<tr>
<td align="left" height="40">
<img src="/static/img/Logo_TM.png" alt="DOI_disc_logo" width="24" height="24" />
</td>

<td align="left">
<span style="padding-left: 0px; font-size: 11px;"><span style="vertical-align: super;">&reg;</span>, DOI<span style="vertical-align: super;">&reg;</span>, DOI.ORG<span style="vertical-align: super;">&reg;</span>, and shortDOI<span style="vertical-align: super;">&reg;</span> are trademarks of the International DOI Foundation.</span>
</td>
</tr>
</table>
</body>
</html>
},
	date-added = {2020-08-28 16:04:45 -0400},
	date-modified = {2020-08-28 16:04:45 -0400},
	title = {Unable to parse as BibTeX},
	url = {https://doi.org/10.1016/j.cels.2018.03.009Get},
	bdsk-url-1 = {https://doi.org/10.1016/j.cels.2018.03.009Get}}

@article{levien2020,
	author = {Levien, Ethan and Kondev, Jane and Amir, Ariel},
	date-added = {2020-06-19 12:50:46 -0400},
	date-modified = {2020-06-19 12:50:52 -0400},
	doi = {10.1098/rsif.2019.0827},
	issn = {1742-5662},
	journal = {Journal of The Royal Society Interface},
	month = {May},
	number = {166},
	pages = {20190827},
	publisher = {The Royal Society},
	title = {The interplay of phenotypic variability and fitness in finite microbial populations},
	url = {http://dx.doi.org/10.1098/rsif.2019.0827},
	volume = {17},
	year = {2020},
	bdsk-url-1 = {http://dx.doi.org/10.1098/rsif.2019.0827}}

@article{venable2007,
	author = {Venable, D. Lawrence},
	date-added = {2020-06-16 14:09:12 -0400},
	date-modified = {2020-06-16 14:09:17 -0400},
	doi = {10.1890/06-1495},
	issn = {0012-9658},
	journal = {Ecology},
	month = {May},
	number = {5},
	pages = {1086--1090},
	publisher = {Wiley},
	title = {BET HEDGING IN A GUILD OF DESERT ANNUALS},
	url = {http://dx.doi.org/10.1890/06-1495},
	volume = {88},
	year = {2007},
	bdsk-url-1 = {http://dx.doi.org/10.1890/06-1495}}

@article{cohen1970,
	author = {Cohen, Dan},
	date-added = {2020-06-15 16:15:40 -0400},
	date-modified = {2020-06-15 16:15:46 -0400},
	doi = {10.1086/282672},
	issn = {1537-5323},
	journal = {The American Naturalist},
	month = {Jul},
	number = {938},
	pages = {389--400},
	publisher = {University of Chicago Press},
	title = {A Theoretical Model for the Optimal Timing of Diapause},
	url = {http://dx.doi.org/10.1086/282672},
	volume = {104},
	year = {1970},
	bdsk-url-1 = {http://dx.doi.org/10.1086/282672}}

@article{wolf2005,
	author = {Wolf, Denise M. and Vazirani, Vijay V. and Arkin, Adam P.},
	date-added = {2020-06-08 17:33:25 -0400},
	date-modified = {2020-06-08 17:33:30 -0400},
	doi = {10.1016/j.jtbi.2004.11.020},
	issn = {0022-5193},
	journal = {Journal of Theoretical Biology},
	month = {May},
	number = {2},
	pages = {227--253},
	publisher = {Elsevier BV},
	title = {Diversity in times of adversity: probabilistic strategies in microbial survival games},
	url = {http://dx.doi.org/10.1016/j.jtbi.2004.11.020},
	volume = {234},
	year = {2005},
	bdsk-url-1 = {http://dx.doi.org/10.1016/j.jtbi.2004.11.020}}

@article{mettetal2006,
	author = {Mettetal, Jerome and Muzzey, Dale and Pedraza, Juan and Ozbudak, Ertugrul and van Oudenaarden, Alexander},
	date-added = {2020-06-08 17:31:41 -0400},
	date-modified = {2020-06-08 17:32:21 -0400},
	journal = {PNAS; Proceedings of the National Academy of Sciences},
	number = {19},
	pages = {7304--7309},
	title = {Predicting stochastic gene expression dynamics in single cells},
	volume = {103},
	year = {2006}}

@article{Bressloff2017_review,
	author = {Bressloff, Paul C},
	date-added = {2020-06-07 16:05:44 -0400},
	date-modified = {2020-06-07 16:05:54 -0400},
	doi = {10.1088/1751-8121/aa5db4},
	issn = {1751-8121},
	journal = {Journal of Physics A: Mathematical and Theoretical},
	month = {Feb},
	number = {13},
	pages = {133001},
	publisher = {IOP Publishing},
	title = {Stochastic switching in biology: from genotype to phenotype},
	url = {http://dx.doi.org/10.1088/1751-8121/aa5db4},
	volume = {50},
	year = {2017},
	bdsk-url-1 = {http://dx.doi.org/10.1088/1751-8121/aa5db4}}

@article{Campos2014,
	author = {Campos, Manuel and Surovtsev, Ivan V. and Kato, Setsu and Paintdakhi, Ahmad and Beltran, Bruno and Ebmeier, Sarah E. and Jacobs-Wagner, Christine},
	date-added = {2020-04-22 16:36:29 -0400},
	date-modified = {2020-04-22 16:36:34 -0400},
	doi = {10.1016/j.cell.2014.11.022},
	issn = {0092-8674},
	journal = {Cell},
	month = {Dec},
	number = {6},
	pages = {1433--1446},
	publisher = {Elsevier BV},
	title = {A Constant Size Extension Drives Bacterial Cell Size Homeostasis},
	url = {http://dx.doi.org/10.1016/j.cell.2014.11.022},
	volume = {159},
	year = {2014},
	bdsk-url-1 = {http://dx.doi.org/10.1016/j.cell.2014.11.022}}

@article{simpson1951,
	author = {Simpson, Edward H.},
	date-added = {2020-04-06 21:34:12 -0400},
	date-modified = {2020-04-06 21:34:43 -0400},
	doi = {10.1111/j.2517-6161.1951.tb00088.x},
	issn = {0035-9246},
	journal = {Journal of the Royal Statistical Society: Series B (Methodological)},
	month = {Jul},
	number = {2},
	pages = {238--241},
	publisher = {Wiley},
	title = {The Interpretation of Interaction in Contingency Tables},
	url = {http://dx.doi.org/10.1111/j.2517-6161.1951.tb00088.x},
	volume = {13},
	year = {1951},
	bdsk-url-1 = {http://dx.doi.org/10.1111/j.2517-6161.1951.tb00088.x}}

@book{gelman2013,
	author = {Rubin, Donald and Vehtari, Aki and Dunson, David and Stern, Hal and Carlin, John and Gelman, Andrew},
	date-added = {2020-03-23 18:56:44 -0400},
	date-modified = {2020-03-23 18:58:04 -0400},
	publisher = {CRC Press},
	title = {Bayesian Data Analysis},
	year = {2013}}

@article{luro2019,
	author = {Luro, Scott and Potvin-Trottier, Laurent and Okumus, Burak and Paulsson, Johan},
	date-added = {2020-01-31 13:12:08 -0500},
	date-modified = {2020-01-31 13:12:13 -0500},
	doi = {10.1038/s41592-019-0620-7},
	issn = {1548-7105},
	journal = {Nature Methods},
	month = {Nov},
	number = {1},
	pages = {93--100},
	publisher = {Springer Science and Business Media LLC},
	title = {Isolating live cells after high-throughput, long-term, time-lapse microscopy},
	url = {http://dx.doi.org/10.1038/s41592-019-0620-7},
	volume = {17},
	year = {2019},
	bdsk-url-1 = {http://dx.doi.org/10.1038/s41592-019-0620-7}}

@article{camsund2019,
	author = {Camsund, Daniel and Lawson, Michael J. and Larsson, Jimmy and Jones, Daniel and Zikrin, Spartak and Fange, David and Elf, Johan},
	date-added = {2020-01-31 13:09:41 -0500},
	date-modified = {2020-01-31 13:09:47 -0500},
	doi = {10.1038/s41592-019-0629-y},
	issn = {1548-7105},
	journal = {Nature Methods},
	month = {Nov},
	number = {1},
	pages = {86--92},
	publisher = {Springer Science and Business Media LLC},
	title = {Time-resolved imaging-based CRISPRi screening},
	url = {http://dx.doi.org/10.1038/s41592-019-0629-y},
	volume = {17},
	year = {2019},
	bdsk-url-1 = {http://dx.doi.org/10.1038/s41592-019-0629-y}}

@article{miettinen2019,
	author = {Miettinen, Teemu P and Kang, Joon Ho and Yang, Lucy F and Manalis, Scott R},
	date-added = {2020-01-25 15:11:53 -0500},
	date-modified = {2020-01-25 15:11:59 -0500},
	doi = {10.7554/elife.44700},
	issn = {2050-084X},
	journal = {eLife},
	month = {May},
	publisher = {eLife Sciences Publications, Ltd},
	title = {Mammalian cell growth dynamics in mitosis},
	url = {http://dx.doi.org/10.7554/eLife.44700},
	volume = {8},
	year = {2019},
	bdsk-url-1 = {http://dx.doi.org/10.7554/eLife.44700},
	bdsk-url-2 = {http://dx.doi.org/10.7554/elife.44700}}

@article{harris1952,
	author = {Bellman, Richard and Harris, Theodore},
	date-added = {2020-01-13 14:41:32 -0500},
	date-modified = {2020-01-13 14:41:53 -0500},
	issn = {0003486X},
	journal = {Annals of Mathematics},
	number = {2},
	pages = {280--295},
	publisher = {Annals of Mathematics},
	title = {On Age-Dependent Binary Branching Processes},
	url = {http://www.jstor.org/stable/1969779},
	volume = {55},
	year = {1952},
	bdsk-url-1 = {http://www.jstor.org/stable/1969779}}

@article{logsdon2017,
	author = {Logsdon, Michelle M. and Ho, Po-Yi and Papavinasasundaram, Kadamba and Richardson, Kirill and Cokol, Murat and Sassetti, Christopher M. and Amir, Ariel and Aldridge, Bree B.},
	date-added = {2020-01-13 14:25:50 -0500},
	date-modified = {2020-01-13 14:25:56 -0500},
	doi = {10.1016/j.cub.2017.09.046},
	issn = {0960-9822},
	journal = {Current Biology},
	month = {Nov},
	number = {21},
	pages = {3367--3374.e7},
	publisher = {Elsevier BV},
	title = {A Parallel Adder Coordinates Mycobacterial Cell-Cycle Progression and Cell-Size Homeostasis in the Context of Asymmetric Growth and Organization},
	url = {http://dx.doi.org/10.1016/j.cub.2017.09.046},
	volume = {27},
	year = {2017},
	bdsk-url-1 = {http://dx.doi.org/10.1016/j.cub.2017.09.046}}

@article{eun2017,
	author = {Eun, Ye-Jin and Ho, Po-Yi and Kim, Minjeong and LaRussa, Salvatore and Robert, Lydia and Renner, Lars D. and Schmid, Amy and Garner, Ethan and Amir, Ariel},
	date-added = {2020-01-13 14:24:22 -0500},
	date-modified = {2020-01-13 14:24:28 -0500},
	doi = {10.1038/s41564-017-0082-6},
	issn = {2058-5276},
	journal = {Nature Microbiology},
	month = {Dec},
	number = {2},
	pages = {148--154},
	publisher = {Springer Science and Business Media LLC},
	title = {Archaeal cells share common size control with bacteria despite noisier growth and division},
	url = {http://dx.doi.org/10.1038/s41564-017-0082-6},
	volume = {3},
	year = {2017},
	bdsk-url-1 = {http://dx.doi.org/10.1038/s41564-017-0082-6}}

@article{cadart2018,
	author = {Cadart, Clotilde and Monnier, Sylvain and Grilli, Jacopo and S{\'a}ez, Pablo J. and Srivastava, Nishit and Attia, Rafaele and Terriac, Emmanuel and Baum, Buzz and Cosentino-Lagomarsino, Marco and Piel, Matthieu},
	date-added = {2020-01-13 14:23:24 -0500},
	date-modified = {2020-01-13 14:23:30 -0500},
	doi = {10.1038/s41467-018-05393-0},
	issn = {2041-1723},
	journal = {Nature Communications},
	month = {Aug},
	number = {1},
	publisher = {Springer Science and Business Media LLC},
	title = {Size control in mammalian cells involves modulation of both growth rate and cell cycle duration},
	url = {http://dx.doi.org/10.1038/s41467-018-05393-0},
	volume = {9},
	year = {2018},
	bdsk-url-1 = {http://dx.doi.org/10.1038/s41467-018-05393-0}}

@article{lin2020,
	author = {Lin, Jie and Amir, Ariel},
	date-added = {2020-01-13 13:39:15 -0500},
	date-modified = {2020-01-13 13:39:37 -0500},
	doi = {10.1103/PhysRevE.101.012401},
	journal = {Physical Review E},
	number = {1},
	title = {From single-cell variability to population growth},
	volume = {101},
	year = {2020},
	bdsk-url-1 = {https://doi.org/10.1103/PhysRevE.101.012401}}

@article{min2019,
	author = {Min, Jiseon and Lin, Jie and Amir, Ariel},
	date-added = {2020-01-13 13:03:26 -0500},
	date-modified = {2020-01-13 13:04:41 -0500},
	doi = {10.1103/PhysRevLett.122.068101},
	journal = {Physical Review Letters},
	number = {6},
	title = {Optimal Segregation of Proteins: Phase Transitions and Symmetry Breaking},
	volume = {122},
	year = {2019},
	bdsk-url-1 = {https://doi.org/10.1103/PhysRevLett.122.068101}}

@article{marantan2016,
	author = {Marantan, Andrew and Amir, Ariel},
	date-added = {2020-01-13 13:02:18 -0500},
	date-modified = {2020-01-13 13:06:21 -0500},
	doi = {10.1103/PhysRevE.94.012405},
	journal = {Physical Review E},
	number = {1},
	title = {Stochastic modeling of cell growth with symmetric or asymmetric division},
	volume = {94},
	year = {2016},
	bdsk-url-1 = {https://doi.org/10.1103/PhysRevE.94.012405}}

@article{Baker2012,
	author = {Baker, Christopher R. and Booth, Lauren N. and Sorrells, Trevor R. and Johnson, Alexander D.},
	date-added = {2019-12-25 15:14:42 -0500},
	date-modified = {2019-12-25 15:14:46 -0500},
	doi = {10.1016/j.cell.2012.08.018},
	issn = {0092-8674},
	journal = {Cell},
	month = {Sep},
	number = {1},
	pages = {80--95},
	publisher = {Elsevier BV},
	title = {Protein Modularity, Cooperative Binding, and Hybrid Regulatory States Underlie Transcriptional Network Diversification},
	url = {http://dx.doi.org/10.1016/j.cell.2012.08.018},
	volume = {151},
	year = {2012},
	bdsk-url-1 = {http://dx.doi.org/10.1016/j.cell.2012.08.018}}

@article{Sorrells2018,
	author = {Sorrells, Trevor R and Johnson, Amanda N and Howard, Conor J and Britton, Candace S and Fowler, Kyle R and Feigerle, Jordan T and Weil, P Anthony and Johnson, Alexander D},
	date-added = {2019-12-25 15:12:53 -0500},
	date-modified = {2019-12-25 15:12:58 -0500},
	doi = {10.7554/elife.37563},
	issn = {2050-084X},
	journal = {eLife},
	month = {Sep},
	publisher = {eLife Sciences Publications, Ltd},
	title = {Intrinsic cooperativity potentiates parallel cis-regulatory evolution},
	url = {http://dx.doi.org/10.7554/eLife.37563},
	volume = {7},
	year = {2018},
	bdsk-url-1 = {http://dx.doi.org/10.7554/eLife.37563},
	bdsk-url-2 = {http://dx.doi.org/10.7554/elife.37563}}

@article{tanouchi2017,
	author = {Tanouchi, Yu and Pai, Anand and Park, Heungwon and Huang, Shuqiang and Buchler, Nicolas E. and You, Lingchong},
	date-added = {2019-12-18 10:09:51 -0500},
	date-modified = {2019-12-18 10:09:56 -0500},
	doi = {10.1038/sdata.2017.36},
	issn = {2052-4463},
	journal = {Scientific Data},
	month = {Mar},
	number = {1},
	publisher = {Springer Science and Business Media LLC},
	title = {Long-term growth data of Escherichia coli at a single-cell level},
	url = {http://dx.doi.org/10.1038/sdata.2017.36},
	volume = {4},
	year = {2017},
	bdsk-url-1 = {http://dx.doi.org/10.1038/sdata.2017.36}}

@article{Baca2011,
	author = {Baca{\"e}r, Nicolas},
	date-added = {2019-11-24 17:57:33 -0500},
	date-modified = {2019-11-24 17:57:38 -0500},
	doi = {10.1007/978-0-85729-115-8},
	isbn = {9780857291158},
	publisher = {Springer London},
	title = {A Short History of Mathematical Population Dynamics},
	url = {http://dx.doi.org/10.1007/978-0-85729-115-8},
	year = {2011},
	bdsk-url-1 = {http://dx.doi.org/10.1007/978-0-85729-115-8}}

@article{piir2011,
	author = {Piir, Kerli and Paier, Anton and Liiv, Aivar and Tenson, Tanel and Maiv{\"a}li, {\"U}lo},
	date-added = {2019-11-16 20:29:19 -0500},
	date-modified = {2019-11-16 20:29:27 -0500},
	doi = {10.1038/embor.2011.47},
	issn = {1469-3178},
	journal = {EMBO reports},
	month = {Apr},
	number = {5},
	pages = {458--462},
	publisher = {Wiley},
	title = {Ribosome degradation in growing bacteria},
	url = {http://dx.doi.org/10.1038/embor.2011.47},
	volume = {12},
	year = {2011},
	bdsk-url-1 = {http://dx.doi.org/10.1038/embor.2011.47}}

@article{scott2010,
	author = {Scott, M. and Gunderson, C. W. and Mateescu, E. M. and Zhang, Z. and Hwa, T.},
	date-added = {2019-11-08 15:29:43 -0500},
	date-modified = {2019-11-08 15:29:51 -0500},
	doi = {10.1126/science.1192588},
	issn = {1095-9203},
	journal = {Science},
	month = {Nov},
	number = {6007},
	pages = {1099--1102},
	publisher = {American Association for the Advancement of Science (AAAS)},
	title = {Interdependence of Cell Growth and Gene Expression: Origins and Consequences},
	url = {http://dx.doi.org/10.1126/science.1192588},
	volume = {330},
	year = {2010},
	bdsk-url-1 = {http://dx.doi.org/10.1126/science.1192588}}

@article{Nicola2008,
	author = {T{\u a}nase-Nicola, Sorin and ten Wolde, Pieter Rein},
	date-added = {2019-11-08 15:15:50 -0500},
	date-modified = {2019-11-08 15:15:56 -0500},
	doi = {10.1371/journal.pcbi.1000125},
	editor = {Regev, AvivEditor},
	issn = {1553-7358},
	journal = {PLoS Computational Biology},
	month = {Aug},
	number = {8},
	pages = {e1000125},
	publisher = {Public Library of Science (PLoS)},
	title = {Regulatory Control and the Costs and Benefits of Biochemical Noise},
	url = {http://dx.doi.org/10.1371/journal.pcbi.1000125},
	volume = {4},
	year = {2008},
	bdsk-url-1 = {http://dx.doi.org/10.1371/journal.pcbi.1000125}}

@article{danino2018,
	abstract = {A fundamental problem in the fields of population genetics, evolution, and community ecology, is the fate of a single mutant, or invader, introduced in a finite population of wild types. For a fixed-size community of N individuals, with Markovian, zero-sum dynamics driven by stochastic birth-death events, the mutant population eventually reaches either fixation or extinction. The classical analysis, provided by Kimura and his coworkers, is focused on the neutral case, [where the dynamics is only due to demographic stochasticity (drift)], and on time-independent selective forces (deleterious/beneficial mutation). However, both theoretical arguments and empirical analyses suggest that in many cases the selective forces fluctuate in time (temporal environmental stochasticity). Here we consider a generic model for a system with demographic noise and fluctuating selection. Our system is characterized by the time-averaged (log)-fitness s0 and zero-mean fitness fluctuations. These fluctuations, in turn, are parameterized by their amplitude γ and their correlation time δ. We provide asymptotic (large N) formulas for the chance of fixation, the mean time to fixation and the mean time to absorption. Our expressions interpolate correctly between the constant selection limit γ → 0 and the time-averaged neutral case s0=0.},
	author = {Danino, Matan and Shnerb, Nadav M.},
	date-added = {2019-09-23 15:25:59 -0400},
	date-modified = {2019-09-23 15:26:07 -0400},
	doi = {https://doi.org/10.1016/j.jtbi.2018.01.004},
	issn = {0022-5193},
	journal = {Journal of Theoretical Biology},
	keywords = {Environmental stochasticity, Demographic stochasticity, Drift, Selection, Fixation, Absorption, Evolution},
	pages = {84 - 92},
	title = {Fixation and absorption in a fluctuating environment},
	url = {http://www.sciencedirect.com/science/article/pii/S0022519318300043},
	volume = {441},
	year = {2018},
	bdsk-url-1 = {http://www.sciencedirect.com/science/article/pii/S0022519318300043},
	bdsk-url-2 = {https://doi.org/10.1016/j.jtbi.2018.01.004}}

@article{cvijovi2015,
	author = {Cvijovi{\'c}, Ivana and Good, Benjamin H. and Jerison, Elizabeth R. and Desai, Michael M.},
	date-added = {2019-09-23 15:09:39 -0400},
	date-modified = {2019-09-23 15:10:29 -0400},
	doi = {10.1073/pnas.1505406112},
	issn = {1091-6490},
	journal = {Proceedings of the National Academy of Sciences},
	month = {Aug},
	number = {36},
	pages = {E5021--E5028},
	publisher = {Proceedings of the National Academy of Sciences},
	title = {Fate of a mutation in a fluctuating environment},
	url = {http://dx.doi.org/10.1073/pnas.1505406112},
	volume = {112},
	year = {2015},
	bdsk-url-1 = {http://dx.doi.org/10.1073/pnas.1505406112}}

@article{robert2010,
	author = {Wang, Ping and Robert, Lydia and Pelletier, James and Dang, Wei Lien and Taddei, Francois and Wright, Andrew and Jun, Suckjoon},
	date-added = {2019-08-13 12:17:10 -0400},
	date-modified = {2019-08-13 12:17:49 -0400},
	doi = {10.1016/j.cub.2010.04.045},
	issn = {0960-9822},
	journal = {Current Biology},
	month = {Jun},
	number = {12},
	pages = {1099--1103},
	publisher = {Elsevier BV},
	title = {Robust Growth of Escherichia coli},
	url = {http://dx.doi.org/10.1016/j.cub.2010.04.045},
	volume = {20},
	year = {2010},
	bdsk-url-1 = {http://dx.doi.org/10.1016/j.cub.2010.04.045}}

@article{oda1998,
	author = {Oda, Masayuki and Furukawa, Koji and Ogata, Kazuhiro and Sarai, Akinori and Nakamura, Haruki},
	date-added = {2019-08-09 09:14:25 -0400},
	date-modified = {2019-08-09 09:14:33 -0400},
	doi = {10.1006/jmbi.1997.1564},
	issn = {0022-2836},
	journal = {Journal of Molecular Biology},
	month = {Feb},
	number = {3},
	pages = {571--590},
	publisher = {Elsevier BV},
	title = {Thermodynamics of specific and non-specific DNA binding by the c-myb DNA-binding domain},
	url = {http://dx.doi.org/10.1006/jmbi.1997.1564},
	volume = {276},
	year = {1998},
	bdsk-url-1 = {http://dx.doi.org/10.1006/jmbi.1997.1564}}

@article{stewart2012,
	author = {Stewart, Alexander J. and Hannenhalli, Sridhar and Plotkin, Joshua B.},
	date-added = {2019-08-09 09:07:05 -0400},
	date-modified = {2019-08-09 09:07:13 -0400},
	doi = {10.1534/genetics.112.143370},
	issn = {1943-2631},
	journal = {Genetics},
	month = {Aug},
	number = {3},
	pages = {973--985},
	publisher = {Genetics Society of America},
	title = {Why Transcription Factor Binding Sites Are Ten Nucleotides Long},
	url = {http://dx.doi.org/10.1534/genetics.112.143370},
	volume = {192},
	year = {2012},
	bdsk-url-1 = {http://dx.doi.org/10.1534/genetics.112.143370}}

@article{huh2011,
	author = {Huh, Dann and Paulsson, Johan},
	date-added = {2019-07-29 14:30:12 -0400},
	date-modified = {2019-07-29 14:30:32 -0400},
	doi = {10.1073/pnas.1013171108},
	issn = {1091-6490},
	journal = {Proceedings of the National Academy of Sciences},
	month = {Aug},
	number = {36},
	pages = {15004--15009},
	publisher = {Proceedings of the National Academy of Sciences},
	title = {Random partitioning of molecules at cell division},
	url = {http://dx.doi.org/10.1073/pnas.1013171108},
	volume = {108},
	year = {2011},
	bdsk-url-1 = {http://dx.doi.org/10.1073/pnas.1013171108}}

@article{cerulusc2016,
	author = {Cerulus, Bram and New, Aaron M. and Pougach, Ksenia and Verstrepen, Kevin J.},
	date-added = {2019-07-29 14:10:34 -0400},
	date-modified = {2019-07-29 14:10:41 -0400},
	doi = {10.1016/j.cub.2016.03.010},
	issn = {0960-9822},
	journal = {Current Biology},
	month = {May},
	number = {9},
	pages = {1138--1147},
	publisher = {Elsevier BV},
	title = {Noise and Epigenetic Inheritance of Single-Cell Division Times Influence Population Fitness},
	url = {http://dx.doi.org/10.1016/j.cub.2016.03.010},
	volume = {26},
	year = {2016},
	bdsk-url-1 = {http://dx.doi.org/10.1016/j.cub.2016.03.010}}

@article{vedel2016,
	author = {Vedel, S{\o}ren and Nunns, Harry and Ko{\v s}mrlj, Andrej and Semsey, Szabolcs and Trusina, Ala},
	date-added = {2019-07-29 10:29:01 -0400},
	date-modified = {2019-07-29 10:29:06 -0400},
	doi = {10.1016/j.cels.2016.06.008},
	issn = {2405-4712},
	journal = {Cell Systems},
	month = {Aug},
	number = {2},
	pages = {187--198},
	publisher = {Elsevier BV},
	title = {Asymmetric Damage Segregation Constitutes an Emergent Population-Level Stress Response},
	url = {http://dx.doi.org/10.1016/j.cels.2016.06.008},
	volume = {3},
	year = {2016},
	bdsk-url-1 = {http://dx.doi.org/10.1016/j.cels.2016.06.008}}

@article{skanata2016,
	author = {Skanata, Antun and Kussell, Edo},
	date-added = {2019-07-29 09:44:38 -0400},
	date-modified = {2019-07-29 09:44:45 -0400},
	doi = {10.1103/physrevlett.117.038104},
	issn = {1079-7114},
	journal = {Physical Review Letters},
	month = {Jul},
	number = {3},
	publisher = {American Physical Society (APS)},
	title = {Evolutionary Phase Transitions in Random Environments},
	url = {http://dx.doi.org/10.1103/PhysRevLett.117.038104},
	volume = {117},
	year = {2016},
	bdsk-url-1 = {http://dx.doi.org/10.1103/PhysRevLett.117.038104},
	bdsk-url-2 = {http://dx.doi.org/10.1103/physrevlett.117.038104}}

@article{garciagarcia2019,
	author = {Garcia-Garcia, Reinaldo and Genthon, Arthur and Lacoste, David},
	date-added = {2019-07-29 09:32:18 -0400},
	date-modified = {2019-07-29 09:33:16 -0400},
	doi = {10.1103/PhysRevE.99.042413},
	journal = {Physical Review E},
	number = {4},
	title = {Linking lineage and population observables in biological branching processes},
	volume = {99},
	year = {2019},
	bdsk-url-1 = {https://doi.org/10.1103/PhysRevE.99.042413}}

@article{mathis2017,
	author = {Mathis, Roland and Ackermann, Martin},
	date-added = {2019-07-25 12:32:35 -0400},
	date-modified = {2019-07-25 12:32:41 -0400},
	doi = {10.1186/s12862-017-0884-4},
	issn = {1471-2148},
	journal = {BMC Evolutionary Biology},
	month = {Mar},
	number = {1},
	publisher = {Springer Nature},
	title = {Asymmetric cellular memory in bacteria exposed to antibiotics},
	url = {http://dx.doi.org/10.1186/s12862-017-0884-4},
	volume = {17},
	year = {2017},
	bdsk-url-1 = {http://dx.doi.org/10.1186/s12862-017-0884-4}}

@article{levien2019,
	author = {Levien, Ethan and Kondev, Jane and Amir, Ariel},
	date-added = {2019-07-25 11:22:21 -0400},
	date-modified = {2019-07-25 11:22:32 -0400},
	journal = {bioRxiv},
	title = {Quantifying phenotypic variability and fitness in finite microbial populations},
	year = {2019}}

@article{kaveh2019,
	author = {Kaveh, Kamran and McAvoy, Alex and Nowak, Martin A.},
	date-added = {2019-07-25 11:03:37 -0400},
	date-modified = {2019-07-25 11:03:54 -0400},
	doi = {10.1098/rsos.181661},
	issn = {2054-5703},
	journal = {Royal Society Open Science},
	month = {Jan},
	number = {1},
	pages = {181661},
	publisher = {The Royal Society},
	title = {Environmental fitness heterogeneity in the Moran process},
	url = {http://dx.doi.org/10.1098/rsos.181661},
	volume = {6},
	year = {2019},
	bdsk-url-1 = {http://dx.doi.org/10.1098/rsos.181661}}

@article{villamartin2019,
	author = {Villa Martin, Paula and Munoz, Miguel A. and Pigolotti, Simone},
	date-added = {2019-07-25 10:54:49 -0400},
	date-modified = {2019-07-25 10:55:25 -0400},
	doi = {10.1371/journal.pcbi.1006529},
	editor = {Alonso, DavidEditor},
	issn = {1553-7358},
	journal = {PLOS Computational Biology},
	month = {Apr},
	number = {4},
	pages = {e1006529},
	publisher = {Public Library of Science (PLoS)},
	title = {Bet-hedging strategies in expanding populations},
	url = {http://dx.doi.org/10.1371/journal.pcbi.1006529},
	volume = {15},
	year = {2019},
	bdsk-url-1 = {http://dx.doi.org/10.1371/journal.pcbi.1006529}}

@article{kermack1927,
	author = {Kermack, William O. and McKendrick, A. G.},
	date-added = {2019-07-25 10:51:28 -0400},
	date-modified = {2019-07-25 10:51:46 -0400},
	doi = {10.1098/rspa.1927.0118},
	issn = {1471-2946},
	journal = {Proceedings of the Royal Society A: Mathematical, Physical and Engineering Sciences},
	month = {Aug},
	number = {772},
	pages = {700--721},
	publisher = {The Royal Society},
	title = {A Contribution to the Mathematical Theory of Epidemics},
	url = {http://dx.doi.org/10.1098/rspa.1927.0118},
	volume = {115},
	year = {1927},
	bdsk-url-1 = {http://dx.doi.org/10.1098/rspa.1927.0118}}

@article{lebowitz1974,
	author = {Lebowitz, Joel L. and Rubinow, S. I.},
	date-added = {2019-07-25 10:43:22 -0400},
	date-modified = {2019-07-25 10:45:01 -0400},
	doi = {10.1007/bf02339486},
	issn = {1432-1416},
	journal = {Journal of Mathematical Biology},
	month = {May},
	number = {1},
	pages = {17--36},
	publisher = {Springer Science and Business Media LLC},
	title = {A theory for the age and generation time distribution of a microbial population},
	url = {http://dx.doi.org/10.1007/BF02339486},
	volume = {1},
	year = {1974},
	bdsk-url-1 = {http://dx.doi.org/10.1007/BF02339486},
	bdsk-url-2 = {http://dx.doi.org/10.1007/bf02339486}}

@article{carja2019,
	author = {Carja, Oana and Plotkin, Joshua B.},
	date-added = {2019-07-25 10:19:54 -0400},
	date-modified = {2019-07-25 10:20:01 -0400},
	doi = {10.1534/genetics.118.301758},
	issn = {1943-2631},
	journal = {Genetics},
	month = {Jan},
	number = {3},
	pages = {977--988},
	publisher = {Genetics Society of America},
	title = {Evolutionary Rescue Through Partly Heritable Phenotypic Variability},
	url = {http://dx.doi.org/10.1534/genetics.118.301758},
	volume = {211},
	year = {2019},
	bdsk-url-1 = {http://dx.doi.org/10.1534/genetics.118.301758}}

@article{hallatschek2018,
	author = {Hallatschek, Oskar},
	date-added = {2019-07-25 10:16:26 -0400},
	date-modified = {2019-07-25 10:16:38 -0400},
	journal = {Genetics},
	pages = {1053-1073},
	title = {Selection-Like Biases Emerge in Population Models with Recurrent Jackpot Events.},
	volume = {210 3},
	year = {2018}}

@article{xue2017,
	author = {Xue, BingKan and Leibler, Stanislas},
	date-added = {2019-07-23 14:12:10 -0400},
	date-modified = {2019-07-23 14:12:41 -0400},
	doi = {10.1103/PhysRevLett.119.108103},
	journal = {Physical Review Letters},
	number = {10},
	title = {Bet Hedging against Demographic Fluctuations},
	volume = {119},
	year = {2017},
	bdsk-url-1 = {https://doi.org/10.1103/PhysRevLett.119.108103}}

@article{xue2018,
	author = {Xue, BingKan and Leibler, Stanislas},
	date-added = {2019-07-23 14:09:29 -0400},
	date-modified = {2019-07-23 14:09:41 -0400},
	journal = {Proceedings of the National Academy of Sciences},
	number = {50},
	pages = {12745--12750},
	title = {Benefits of phenotypic plasticity for population growth in varying environments},
	volume = {115},
	year = {2018}}

@article{mora2013,
	author = {Mora, Thierry and Walczak, Aleksandra M.},
	date-added = {2019-07-23 14:07:57 -0400},
	date-modified = {2019-07-23 14:08:02 -0400},
	doi = {10.1021/jp403231f},
	issn = {1520-5207},
	journal = {The Journal of Physical Chemistry B},
	month = {Jul},
	number = {42},
	pages = {13194--13205},
	publisher = {American Chemical Society (ACS)},
	title = {Effect of Phenotypic Selection on Stochastic Gene Expression},
	url = {http://dx.doi.org/10.1021/jp403231f},
	volume = {117},
	year = {2013},
	bdsk-url-1 = {http://dx.doi.org/10.1021/jp403231f}}

@article{levins1966,
	author = {Levins, Richard},
	date-added = {2019-07-23 14:04:50 -0400},
	date-modified = {2019-07-23 14:05:15 -0400},
	issn = {00030996},
	journal = {American Scientist},
	number = {4},
	pages = {421--431},
	publisher = {Sigma Xi, The Scientific Research Society},
	title = {The strategy of model building in population biology},
	url = {http://www.jstor.org/stable/27836590},
	volume = {54},
	year = {1966},
	bdsk-url-1 = {http://www.jstor.org/stable/27836590}}

@article{xue2019,
	author = {Xue, BingKan and Sartori, Pablo and Leibler, Stanislas},
	date-added = {2019-07-23 14:03:09 -0400},
	date-modified = {2019-07-23 14:03:26 -0400},
	journal = {Proceedings of the National Academy of Sciences},
	number = {28},
	pages = {13847--13855},
	title = {Environment-to-phenotype mapping and adaptation strategies in varying environments},
	volume = {116},
	year = {2019}}

@article{bull1987,
	author = {Bull, James J.},
	date-added = {2019-07-23 13:19:25 -0400},
	date-modified = {2019-07-23 13:21:15 -0400},
	doi = {10.1111/j.1558-5646.1987.tb05799.x},
	issn = {0014-3820},
	journal = {Evolution},
	month = {Mar},
	number = {2},
	pages = {303--315},
	publisher = {Wiley},
	title = {Evolution of phenotypic variance},
	url = {http://dx.doi.org/10.1111/j.1558-5646.1987.tb05799.x},
	volume = {41},
	year = {1987},
	bdsk-url-1 = {http://dx.doi.org/10.1111/j.1558-5646.1987.tb05799.x}}

@article{kelly1956,
	author = {Kelly, John. L.},
	date-added = {2019-07-23 13:07:18 -0400},
	date-modified = {2019-07-23 13:08:32 -0400},
	doi = {10.1002/j.1538-7305.1956.tb03809.x},
	issn = {0005-8580},
	journal = {Bell System Technical Journal},
	month = {Jul},
	number = {4},
	pages = {917--926},
	publisher = {Institute of Electrical and Electronics Engineers (IEEE)},
	title = {A New Interpretation of Information Rate},
	url = {http://dx.doi.org/10.1002/j.1538-7305.1956.tb03809.x},
	volume = {35},
	year = {1956},
	bdsk-url-1 = {http://dx.doi.org/10.1002/j.1538-7305.1956.tb03809.x}}

@article{ackermann2007,
	author = {Ackermann, Martin and Chao, Lin and Bergstrom, {Carl T.} and Doebeli, Michael},
	date-added = {2019-07-05 11:19:58 -0400},
	date-modified = {2019-07-23 19:56:48 -0400},
	doi = {10.1111/j.1474-9726.2007.00281.x},
	issn = {1474-9726},
	journal = {Aging Cell},
	month = {Apr},
	number = {2},
	pages = {235--244},
	publisher = {Wiley},
	title = {On the evolutionary origin of aging},
	url = {http://dx.doi.org/10.1111/j.1474-9726.2007.00281.x},
	volume = {6},
	year = {2007},
	bdsk-url-1 = {http://dx.doi.org/10.1111/j.1474-9726.2007.00281.x}}

@article{Jafarpour2018,
	author = {Jafarpour, Farshid and Wright, Charles S. and Gudjonson, Herman and Riebling, Jedidiah and Dawson, Emma and Lo, Klevin and Fiebig, Aretha and Corsson, Sean and Diner R., Aaron and Iyer-Biswas, Srividya},
	date-added = {2019-06-26 09:22:38 -0400},
	date-modified = {2020-08-17 19:39:46 -0400},
	doi = {10.1103/PhysRevX.8.021007},
	journal = {Physical Review X},
	number = {2},
	title = {Bridging the Timescales of Single-Cell and Population Dynamics},
	volume = {8},
	year = {2018},
	bdsk-url-1 = {https://doi.org/10.1103/PhysRevX.8.021007}}

@article{vilar2018,
	author = {Vilar, Jose M. G. and Rubi, J. Miguel},
	date-added = {2019-06-21 16:33:37 -0400},
	date-modified = {2019-06-21 16:33:45 -0400},
	doi = {10.1038/s41598-017-18976-6},
	issn = {2045-2322},
	journal = {Scientific Reports},
	number = {1},
	publisher = {Springer Nature},
	title = {Determinants of population responses to environmental fluctuations},
	url = {http://dx.doi.org/10.1038/s41598-017-18976-6},
	volume = {8},
	year = {2018},
	bdsk-url-1 = {http://dx.doi.org/10.1038/s41598-017-18976-6}}

@article{leibler2010,
	author = {Leibler, Stanislas and Kussell, Edo},
	date-added = {2019-06-21 16:32:45 -0400},
	date-modified = {2019-06-28 14:14:53 -0400},
	journal = {Proceedings of the National Academy of Sciences},
	number = {29},
	pages = {13183--13188},
	title = {Individual histories and selection in heterogeneous populations},
	volume = {107},
	year = {2010}}

@article{sughiyama2017,
	author = {Sughiyama, Yuki and Kobayashi, Tetsuya J.},
	date-added = {2019-06-21 16:31:38 -0400},
	date-modified = {2019-06-21 16:31:46 -0400},
	doi = {10.1103/physreve.95.012131},
	issn = {2470-0053},
	journal = {Physical Review E},
	number = {1},
	publisher = {American Physical Society (APS)},
	title = {Steady-state thermodynamics for population growth in fluctuating environments},
	url = {http://dx.doi.org/10.1103/PhysRevE.95.012131},
	volume = {95},
	year = {2017},
	bdsk-url-1 = {http://dx.doi.org/10.1103/PhysRevE.95.012131},
	bdsk-url-2 = {http://dx.doi.org/10.1103/physreve.95.012131}}

@article{chao2016,
	author = {Chao, Lin and Rang, Camilla Ulla and Proenca, Audrey Menegaz and Chao, Jasper Ubirajara},
	date-added = {2019-06-21 16:25:43 -0400},
	date-modified = {2019-06-21 16:25:53 -0400},
	doi = {10.1371/journal.pcbi.1004700},
	editor = {Tanaka, Mark M.Editor},
	issn = {1553-7358},
	journal = {PLOS Computational Biology},
	number = {1},
	pages = {e1004700},
	publisher = {Public Library of Science (PLoS)},
	title = {Asymmetrical Damage Partitioning in Bacteria: A Model for the Evolution of Stochasticity, Determinism, and Genetic Assimilation},
	url = {http://dx.doi.org/10.1371/journal.pcbi.1004700},
	volume = {12},
	year = {2016},
	bdsk-url-1 = {http://dx.doi.org/10.1371/journal.pcbi.1004700}}

@article{lambert2015,
	author = {Lambert, Guillaume and Kussell, Edo},
	date-added = {2019-06-21 16:18:22 -0400},
	date-modified = {2019-06-22 08:10:33 -0400},
	doi = {10.1103/physrevx.5.011016},
	issn = {2160-3308},
	journal = {Physical Review X},
	number = {1},
	publisher = {American Physical Society (APS)},
	title = {Quantifying Selective Pressures Driving Bacterial Evolution Using Lineage Analysis},
	url = {http://dx.doi.org/10.1103/PhysRevX.5.011016},
	volume = {5},
	year = {2015},
	bdsk-url-1 = {http://dx.doi.org/10.1103/PhysRevX.5.011016},
	bdsk-url-2 = {http://dx.doi.org/10.1103/physrevx.5.011016}}

@article{roux2015,
	author = {Roux, Jeremie. and Hafner, Marc and Bandara, Samuel and Sims, J. Joshua and Hudson, Hannah and Chai, Diana and Sorger, Peter K.},
	date-added = {2019-06-21 16:13:30 -0400},
	date-modified = {2019-06-28 14:11:59 -0400},
	doi = {10.15252/msb.20145584},
	issn = {1744-4292},
	journal = {Molecular Systems Biology},
	number = {5},
	pages = {803--803},
	publisher = {EMBO},
	title = {Fractional killing arises from cell-to-cell variability in overcoming a caspase activity threshold},
	url = {http://dx.doi.org/10.15252/msb.20145584},
	volume = {11},
	year = {2015},
	bdsk-url-1 = {http://dx.doi.org/10.15252/msb.20145584}}

@article{Lieberman2005,
	author = {Lieberman, Erez and Hauert, Christoph and Nowak, Martin A.},
	date-added = {2019-05-10 20:52:04 -0400},
	date-modified = {2019-06-22 08:11:00 -0400},
	doi = {10.1038/nature03204},
	issn = {1476-4687},
	journal = {Nature},
	number = {7023},
	pages = {312--316},
	publisher = {Springer Nature},
	title = {Evolutionary dynamics on graphs},
	url = {http://dx.doi.org/10.1038/nature03204},
	volume = {433},
	year = {2005},
	bdsk-url-1 = {http://dx.doi.org/10.1038/nature03204}}

@article{altschuler2010,
	abstract = {A central challenge of biology is to understand how individual cells process information and respond to perturbations. Much of our knowledge is based on ensemble measurements. However, cell-to-cell differences are always present to some degree in any cell population, and the ensemble behaviors of a population may not represent the behaviors of any individual cell. Here, we discuss examples of when heterogeneity cannot be ignored and describe practical strategies for analyzing and interpreting cellular heterogeneity.},
	author = {Altschuler, Steven J. and Wu, Lani F.},
	date-added = {2019-04-24 10:57:41 -0400},
	date-modified = {2019-07-23 20:02:53 -0400},
	doi = {https://doi.org/10.1016/j.cell.2010.04.033},
	issn = {0092-8674},
	journal = {Cell},
	number = {4},
	pages = {559 - 563},
	title = {Cellular Heterogeneity: Do Differences Make a Difference?},
	url = {http://www.sciencedirect.com/science/article/pii/S0092867410004873},
	volume = {141},
	year = {2010},
	bdsk-url-1 = {http://www.sciencedirect.com/science/article/pii/S0092867410004873},
	bdsk-url-2 = {https://doi.org/10.1016/j.cell.2010.04.033}}

@article{mosheiff2018,
	author = {Mosheiff, Noga and Martins, Bruno M. C. and Pearl-Mizrahi, Sivan and Gr{\"u}nberger, Alexander and Helfrich, Stefan and Mihalcescu, Irina and Kohlheyer, Dietrich and Locke, James C. W. and Glass, Leon and Balaban, Nathalie Q.},
	date-added = {2019-04-23 16:00:06 -0400},
	date-modified = {2019-05-31 11:20:30 -0400},
	doi = {10.1103/physrevx.8.021035},
	issn = {2160-3308},
	journal = {Physical Review X},
	number = {2},
	publisher = {American Physical Society (APS)},
	title = {Inheritance of Cell-Cycle Duration in the Presence of Periodic Forcing},
	url = {http://dx.doi.org/10.1103/PhysRevX.8.021035},
	volume = {8},
	year = {2018},
	bdsk-url-1 = {http://dx.doi.org/10.1103/PhysRevX.8.021035},
	bdsk-url-2 = {http://dx.doi.org/10.1103/physrevx.8.021035}}

@article{MosheiffN,
	author = {Mosheiff, Noga},
	date-added = {2019-04-23 15:59:32 -0400},
	date-modified = {2019-04-23 15:59:46 -0400},
	doi = {10.1103/PhysRevX.8.021035},
	journal = {Physical Review X},
	number = {2},
	title = {Inheritance of Cell-Cycle Duration in the Presence of Periodic Forcing},
	volume = {8},
	year = {2018},
	bdsk-url-1 = {https://doi.org/10.1103/PhysRevX.8.021035}}

@article{Jafarpour2019,
	author = {Jafarpour, Farshid},
	date-added = {2019-03-29 17:10:22 -0400},
	date-modified = {2019-03-29 17:10:29 -0400},
	doi = {10.1103/PhysRevLett.122.118101},
	journal = {Physical Review Letters},
	number = {11},
	title = {Cell Size Regulation Induces Sustained Oscillations in the Population Growth Rate},
	volume = {122},
	year = {2019},
	bdsk-url-1 = {https://doi.org/10.1103/PhysRevLett.122.118101}}

@article{wallden2016,
	author = {Wallden, Mats and Fange, David and Lundius, Ebba Gregorsson and Baltekin, {\"O}zden and Elf, Johan},
	date-added = {2019-03-29 17:09:21 -0400},
	date-modified = {2019-05-31 11:21:20 -0400},
	doi = {10.1016/j.cell.2016.06.052},
	issn = {0092-8674},
	journal = {Cell},
	number = {3},
	pages = {729--739},
	publisher = {Elsevier BV},
	title = {The Synchronization of Replication and Division Cycles in Individual E. coli Cells},
	url = {http://dx.doi.org/10.1016/j.cell.2016.06.052},
	volume = {166},
	year = {2016},
	bdsk-url-1 = {http://dx.doi.org/10.1016/j.cell.2016.06.052}}

@article{Hashimoto2016,
	author = {Hashimoto, Mikihiro and Nozoe, Takashi and Nakaoka, Hidenori and Okura, Reiko and Akiyoshi, Sayo and Kaneko, Kunihiko and Kussell, Edo and Wakamoto, Yuichi},
	date-added = {2019-03-28 15:14:21 -0400},
	date-modified = {2019-03-28 15:14:50 -0400},
	journal = {PNAS; Proceedings of the National Academy of Sciences},
	number = {12},
	pages = {3251--3256},
	title = {Noise-driven growth rate gain in clonal cellular populations},
	volume = {113},
	year = {2016}}

@article{crowther2014,
	author = {Crowther, Grace S. and Chilton, Caroline H. and Todhunter, Sharie L. and Nicholson, Scott and Freeman, Jane and Baines, Simon D. and Wilcox, Mark H.},
	date-added = {2019-02-12 19:09:17 -0500},
	date-modified = {2019-02-12 19:09:23 -0500},
	doi = {10.1371/journal.pone.0088396},
	editor = {Paredes-Sabja, DanielEditor},
	issn = {1932-6203},
	journal = {PLoS ONE},
	month = {Feb},
	number = {2},
	pages = {e88396},
	publisher = {Public Library of Science (PLoS)},
	title = {Development and Validation of a Chemostat Gut Model To Study Both Planktonic and Biofilm Modes of Growth of Clostridium difficile and Human Microbiota},
	url = {http://dx.doi.org/10.1371/journal.pone.0088396},
	volume = {9},
	year = {2014},
	bdsk-url-1 = {http://dx.doi.org/10.1371/journal.pone.0088396}}

@book{gardiner2009,
	author = {Gardiner, Crispin},
	date-added = {2019-01-29 20:08:36 -0500},
	date-modified = {2019-05-31 11:19:54 -0400},
	publisher = {Springer Berlin},
	title = {Stochastic methods},
	volume = {4},
	year = {2009}}

@article{starrfelt2012,
	author = {Starrfelt, Jostein and Kokko, Hanna},
	date-added = {2019-01-25 09:30:38 -0500},
	date-modified = {2019-01-25 09:30:44 -0500},
	doi = {10.1111/j.1469-185x.2012.00225.x},
	issn = {1464-7931},
	journal = {Biological Reviews},
	month = {Mar},
	number = {3},
	pages = {742--755},
	publisher = {Wiley},
	title = {Bet-hedging-a triple trade-off between means, variances and correlations},
	url = {http://dx.doi.org/10.1111/j.1469-185X.2012.00225.x},
	volume = {87},
	year = {2012},
	bdsk-url-1 = {http://dx.doi.org/10.1111/j.1469-185X.2012.00225.x},
	bdsk-url-2 = {http://dx.doi.org/10.1111/j.1469-185x.2012.00225.x}}

@article{aldridge2012,
	author = {Aldridge, Bree B. and Fernandez-Suarez, Marta and Heller, Danielle and Ambravaneswaran, Vijay and Irimia, Daniel and Toner, Mehmet and Fortune, Sarah M.},
	date-added = {2019-01-24 13:45:48 -0500},
	date-modified = {2019-06-26 10:16:16 -0400},
	journal = {Science},
	number = {6064},
	pages = {100--104},
	title = {Asymmetry and Aging of Mycobacterial Cells Lead to Variable Growth and Antibiotic Susceptibility},
	volume = {335},
	year = {2012}}

@article{gralka2018,
	author = {Gralka, Matti and Hallatschek, Oskar},
	date-added = {2019-01-24 13:41:45 -0500},
	date-modified = {2019-01-24 21:37:50 -0500},
	journal = {bioRxiv},
	title = {Environmental disorder can tip the population genetics of range expansions},
	year = {2018}}

@article{amir2014,
	author = {Amir, Ariel},
	date-added = {2019-01-23 14:45:59 -0500},
	date-modified = {2019-01-23 14:46:05 -0500},
	doi = {10.1103/PhysRevLett.112.208102},
	journal = {Physical Review Letters},
	number = {20},
	title = {Cell Size Regulation in Bacteria},
	volume = {112},
	year = {2014},
	bdsk-url-1 = {https://doi.org/10.1103/PhysRevLett.112.208102}}

@article{meouche2018,
	author = {El Meouche, Imane and Dunlop, MaryJ.},
	date-added = {2019-01-23 14:28:30 -0500},
	date-modified = {2019-07-05 10:48:55 -0400},
	journal = {Science},
	number = {6415},
	pages = {686--690},
	title = {Heterogeneity in efflux pump expression predisposes antibiotic-resistant cells to mutation},
	volume = {362},
	year = {2018}}

@article{gillespie2000,
	author = {Gillespie, Daniel T.},
	date-added = {2019-01-23 14:10:23 -0500},
	date-modified = {2019-01-23 14:10:28 -0500},
	doi = {10.1063/1.481811},
	issn = {1089-7690},
	journal = {The Journal of Chemical Physics},
	month = {Jul},
	number = {1},
	pages = {297--306},
	publisher = {AIP Publishing},
	title = {The chemical Langevin equation},
	url = {http://dx.doi.org/10.1063/1.481811},
	volume = {113},
	year = {2000},
	bdsk-url-1 = {http://dx.doi.org/10.1063/1.481811}}

@article{thomas2017b,
	author = {Thomas, Philipp},
	date-added = {2019-01-23 14:05:57 -0500},
	date-modified = {2019-05-31 11:21:10 -0400},
	doi = {10.1098/rsif.2017.0467},
	issn = {1742-5662},
	journal = {Journal of The Royal Society Interface},
	number = {136},
	pages = {20170467},
	publisher = {The Royal Society},
	title = {Making sense of snapshot data: ergodic principle for clonal cell populations},
	url = {http://dx.doi.org/10.1098/rsif.2017.0467},
	volume = {14},
	year = {2017},
	bdsk-url-1 = {http://dx.doi.org/10.1098/rsif.2017.0467}}

@book{ewens2012,
	author = {Ewens, Warren J},
	date-added = {2019-01-23 13:56:16 -0500},
	date-modified = {2019-01-23 13:56:21 -0500},
	publisher = {Springer Science \& Business Media},
	title = {Mathematical population genetics 1: theoretical introduction},
	volume = {27},
	year = {2012}}

@book{gillespie2004population,
	author = {Gillespie, John H},
	date-added = {2019-01-23 13:50:57 -0500},
	date-modified = {2019-01-23 13:50:57 -0500},
	publisher = {JHU Press},
	title = {Population genetics: a concise guide},
	year = {2004}}

@article{wang2011,
	author = {Wang, Zhi and Zhang, Jianzhi},
	date-added = {2019-01-23 10:17:53 -0500},
	date-modified = {2019-01-30 14:59:01 -0500},
	journal = {PNAS; Proceedings of the National Academy of Sciences},
	number = {16},
	pages = {E67--E76},
	title = {Impact of gene expression noise on organismal fitness and the efficacy of natural selection},
	volume = {108},
	year = {2011}}

@article{gillespie1974,
	author = {Gillespie, John},
	date-added = {2019-01-23 10:01:39 -0500},
	date-modified = {2019-01-24 21:38:09 -0500},
	journal = {Genetics},
	number = {3},
	pages = {601--606},
	title = {Natural Selection for Within-Generation Variance in Offspring Number},
	volume = {76},
	year = {1974}}

@article{lin2017,
	author = {Lin, Jie and Amir, Ariel},
	date-added = {2019-01-23 09:37:58 -0500},
	date-modified = {2019-07-23 19:54:47 -0400},
	doi = {https://doi.org/10.1016/j.cels.2017.08.015},
	issn = {2405-4712},
	journal = {Cell Systems},
	keywords = {population growth, cell-to-cell variability, cell size control, stochastic processes, bacterial growth, mathematical modeling},
	number = {4},
	pages = {358 - 367.e4},
	title = {The Effects of Stochasticity at the Single-Cell Level and Cell Size Control on the Population Growth},
	url = {http://www.sciencedirect.com/science/article/pii/S2405471217303873},
	volume = {5},
	year = {2017},
	bdsk-url-1 = {http://www.sciencedirect.com/science/article/pii/S2405471217303873},
	bdsk-url-2 = {https://doi.org/10.1016/j.cels.2017.08.015}}

@article{duveau2018,
	author = {Duveau, Fabien and Hodgins-Davis, Andrea and Metzger, Brian PH and Yang, Bing and Tryban, Stephen and Walker, Elizabeth A and Lybrook, Tricia and Wittkopp, Patricia J},
	date-added = {2019-01-23 09:34:38 -0500},
	date-modified = {2019-06-21 16:22:35 -0400},
	doi = {10.7554/elife.37272},
	issn = {2050-084X},
	journal = {eLife},
	publisher = {eLife Sciences Publications, Ltd},
	title = {Fitness effects of altering gene expression noise in Saccharomyces cerevisiae},
	url = {http://dx.doi.org/10.7554/eLife.37272},
	volume = {7},
	year = {2018},
	bdsk-url-1 = {http://dx.doi.org/10.7554/eLife.37272},
	bdsk-url-2 = {http://dx.doi.org/10.7554/elife.37272}}

@article{lassig2007,
	author = {L{\"a}ssig, Michael},
	date-added = {2019-01-21 12:28:51 -0500},
	date-modified = {2019-01-21 12:29:00 -0500},
	doi = {10.1186/1471-2105-8-s6-s7},
	issn = {1471-2105},
	journal = {BMC Bioinformatics},
	number = {Suppl 6},
	pages = {S7},
	publisher = {Springer Nature},
	title = {From biophysics to evolutionary genetics: statistical aspects of gene regulation},
	url = {http://dx.doi.org/10.1186/1471-2105-8-S6-S7},
	volume = {8},
	year = {2007},
	bdsk-url-1 = {http://dx.doi.org/10.1186/1471-2105-8-S6-S7},
	bdsk-url-2 = {http://dx.doi.org/10.1186/1471-2105-8-s6-s7}}

@article{stewart2005,
	author = {Stewart, Eric J and Madden, Richard and Paul, Gregory and Taddei, Fran{\c c}ois},
	date-added = {2018-12-17 13:16:02 -0500},
	date-modified = {2019-05-31 11:20:44 -0400},
	doi = {10.1371/journal.pbio.0030045},
	editor = {Kirkwood, ThomasEditor},
	issn = {1545-7885},
	journal = {PLoS Biology},
	number = {2},
	pages = {e45},
	publisher = {Public Library of Science (PLoS)},
	title = {Aging and Death in an Organism That Reproduces by Morphologically Symmetric Division},
	url = {http://dx.doi.org/10.1371/journal.pbio.0030045},
	volume = {3},
	year = {2005},
	bdsk-url-1 = {http://dx.doi.org/10.1371/journal.pbio.0030045}}

@article{carey2018,
	author = {Carey, Jeffrey N and Mettert, Erin L and Roggiani, Manuela and Myers, Kevin S and Kiley, Patricia J and Goulian, Mark},
	date-added = {2018-11-28 19:17:23 -0500},
	date-modified = {2018-11-28 19:17:27 -0500},
	journal = {Cell},
	number = {1},
	pages = {196--207},
	publisher = {Elsevier},
	title = {Regulated stochasticity in a bacterial signaling network permits tolerance to a rapid environmental change},
	volume = {173},
	year = {2018}}

@article{fisher1931,
	author = {Fisher, Ronald Aylmer},
	date-added = {2018-11-28 18:57:08 -0500},
	date-modified = {2018-11-28 18:57:12 -0500},
	journal = {Biological reviews},
	number = {4},
	pages = {345--368},
	publisher = {Wiley Online Library},
	title = {The evolution of dominance},
	volume = {6},
	year = {1931}}

@article{nozoe2017,
	author = {Nozoe, Takashi and Kussell, Edo and Wakamoto, Yuichi},
	date-added = {2018-11-28 18:47:04 -0500},
	date-modified = {2018-11-28 18:47:09 -0500},
	journal = {PLoS genetics},
	number = {3},
	pages = {e1006653},
	publisher = {Public Library of Science},
	title = {Inferring fitness landscapes and selection on phenotypic states from single-cell genealogical data},
	volume = {13},
	year = {2017}}

@article{wolf2015,
	author = {Wolf, Luise and Silander, Olin K and van Nimwegen, Erik},
	date-added = {2018-11-28 18:45:10 -0500},
	date-modified = {2018-11-28 18:45:16 -0500},
	journal = {Elife},
	pages = {e05856},
	publisher = {eLife Sciences Publications Limited},
	title = {Expression noise facilitates the evolution of gene regulation},
	volume = {4},
	year = {2015}}

@book{durrett2008,
	author = {Durrett, Richard},
	date-added = {2018-11-28 18:37:11 -0500},
	date-modified = {2018-11-28 18:37:14 -0500},
	publisher = {Springer Science \& Business Media},
	title = {Probability models for DNA sequence evolution},
	year = {2008}}

@inproceedings{haldane1927,
	author = {Haldane, John Burdon Sanderson},
	booktitle = {Mathematical Proceedings of the Cambridge Philosophical Society},
	date-added = {2018-11-28 18:05:16 -0500},
	date-modified = {2018-11-28 18:05:21 -0500},
	number = {5},
	organization = {Cambridge University Press},
	pages = {607--615},
	title = {A mathematical theory of natural and artificial selection},
	volume = {23},
	year = {1927}}

@article{vindenes2010,
	author = {Vindenes, Yngvild and Lee, Aline Magdalena and Engen, Steinar and S{\ae}ther, Bernt-Erik},
	date-added = {2018-11-28 18:03:42 -0500},
	date-modified = {2018-11-28 18:03:47 -0500},
	journal = {Evolution: International Journal of Organic Evolution},
	number = {4},
	pages = {1063--1075},
	publisher = {Wiley Online Library},
	title = {Fixation of slightly beneficial mutations: effects of life history},
	volume = {64},
	year = {2010}}

@article{kimura1957,
	author = {Kimura, Motoo},
	date-added = {2018-11-28 18:02:33 -0500},
	date-modified = {2018-11-28 18:02:40 -0500},
	journal = {The Annals of Mathematical Statistics},
	pages = {882--901},
	publisher = {JSTOR},
	title = {Some problems of stochastic processes in genetics},
	year = {1957}}

@book{nowak2006,
	author = {Nowak, Martin A},
	date-added = {2018-11-28 17:59:35 -0500},
	date-modified = {2018-11-28 17:59:39 -0500},
	publisher = {Harvard University Press},
	title = {Evolutionary dynamics},
	year = {2006}}

@article{cite-key,
	date-added = {2018-11-28 15:54:02 -0500},
	date-modified = {2018-11-28 15:54:21 -0500}}

@article{thomas2017,
	author = {Thomas, Phillip},
	date-added = {2018-11-06 09:15:43 -0500},
	date-modified = {2019-06-28 14:07:01 -0400},
	journal = {bioRxiv},
	title = {Single-cell histories in growing populations: relating physiological variability to population growth},
	year = {2017}}

@article{toumanen1986,
	author = {Toumanen, E. and Cozens, R. and Tosch, W and Zak, O. and Tomasz, A.},
	date-added = {2018-11-06 09:08:16 -0500},
	date-modified = {2018-11-06 09:09:16 -0500},
	doi = {10.1099/00221287-132-5-1297},
	issn = {1465-2080},
	journal = {Microbiology},
	month = {May},
	number = {5},
	pages = {1297--1304},
	publisher = {Microbiology Society},
	title = {The Rate of Killing of Escherichia coli by beta-Lactam Antibiotics Is Strictly Proportional to the Rate of Bacterial Growth},
	url = {http://dx.doi.org/10.1099/00221287-132-5-1297},
	volume = {132},
	year = {1986},
	bdsk-url-1 = {http://dx.doi.org/10.1099/00221287-132-5-1297}}

@article{de2018,
	author = {De Jong, Maxwell G and Wood, Kevin B},
	date-added = {2018-10-21 17:18:04 -0400},
	date-modified = {2018-10-21 17:18:08 -0400},
	journal = {Physical Review Letters},
	number = {23},
	pages = {238102},
	publisher = {APS},
	title = {Tuning Spatial Profiles of Selection Pressure to Modulate the Evolution of Drug Resistance},
	volume = {120},
	year = {2018}}

@article{bergmiller2017,
	author = {Bergmiller, Tobias and Andersson, Anna MC and Tomasek, Kathrin and Balleza, Enrique and Kiviet, Daniel J and Hauschild, Robert and Tka{\v{c}}ik, Ga{\v{s}}per and Guet, C{\u{a}}lin C},
	date-added = {2018-10-21 17:10:17 -0400},
	date-modified = {2018-10-21 17:10:21 -0400},
	journal = {Science},
	number = {6335},
	pages = {311--315},
	publisher = {American Association for the Advancement of Science},
	title = {Biased partitioning of the multidrug efflux pump AcrAB-TolC underlies long-lived phenotypic heterogeneity},
	volume = {356},
	year = {2017}}

@article{lee2018,
	author = {Lee, Anna J and Wang, Shangying and Meredith, Hannah R and Zhuang, Bihan and Dai, Zhuojun and You, Lingchong},
	date-added = {2018-10-21 17:08:28 -0400},
	date-modified = {2018-10-21 17:08:32 -0400},
	journal = {Proceedings of the National Academy of Sciences},
	pages = {201719504},
	publisher = {National Acad Sciences},
	title = {Robust, linear correlations between growth rates and $\beta$-lactam--mediated lysis rates},
	year = {2018}}

@article{hufton2018,
	author = {Hufton, Peter G and Lin, Yen Ting and Galla, Tobias},
	date-added = {2018-10-06 12:31:25 -0400},
	date-modified = {2018-10-06 12:31:30 -0400},
	journal = {Journal of Statistical Mechanics: Theory and Experiment},
	number = {2},
	pages = {023501},
	publisher = {IOP Publishing},
	title = {Phenotypic switching of populations of cells in a stochastic environment},
	volume = {2018},
	year = {2018}}

@article{menu2000,
	author = {Menu, Fr{\'e}d{\'e}ric and Roebuck, Jean-Philippe and Viala, Muriel},
	date-added = {2018-10-05 13:46:35 -0400},
	date-modified = {2018-10-05 13:46:39 -0400},
	journal = {The American Naturalist},
	number = {6},
	pages = {724--734},
	publisher = {The University of Chicago Press},
	title = {Bet-hedging diapause strategies in stochastic environments},
	volume = {155},
	year = {2000}}

@article{bigger1944,
	author = {Bigger, Joseph W},
	date-added = {2018-10-05 13:44:06 -0400},
	date-modified = {2018-10-05 13:44:11 -0400},
	journal = {Lancet},
	pages = {497--500},
	title = {Treatment of Staphyloeoeeal Infections with Penicillin by Intermittent Sterilisation.},
	year = {1944}}

@article{de2011,
	author = {de Jong, Imke G and Haccou, Patsy and Kuipers, Oscar P},
	date-added = {2018-10-05 11:02:29 -0400},
	date-modified = {2018-10-05 11:02:35 -0400},
	journal = {Bioessays},
	number = {3},
	pages = {215--223},
	publisher = {Wiley Online Library},
	title = {Bet hedging or not? A guide to proper classification of microbial survival strategies},
	volume = {33},
	year = {2011}}

@article{childs2010,
	author = {Childs, Dylan Z and Metcalf, CJE and Rees, Mark},
	date-added = {2018-10-05 10:40:54 -0400},
	date-modified = {2018-10-05 10:40:59 -0400},
	journal = {Proceedings of the Royal Society of London B: Biological Sciences},
	pages = {rspb20100707},
	publisher = {The Royal Society},
	title = {Evolutionary bet-hedging in the real world: empirical evidence and challenges revealed by plants},
	year = {2010}}

@article{levien2018,
	author = {Levien, Ethan and Bressloff, Paul C},
	date-added = {2018-10-03 16:28:28 -0400},
	date-modified = {2018-10-03 16:30:24 -0400},
	journal = {Multiscale Modeling \& Simulation},
	title = {Robustness of Stochastic Chemical Reaction Networks to Extrinsic Noise: The role of Deficiency},
	year = {2018}}

@article{levien2016b,
	author = {Levien, Ethan and Bressloff, Paul C},
	date-added = {2018-10-03 16:28:14 -0400},
	date-modified = {2018-10-03 16:28:21 -0400},
	journal = {Multiscale Modeling \& Simulation},
	number = {4},
	pages = {1417--1433},
	publisher = {SIAM},
	title = {A stochastic hybrid framework for obtaining statistics of many random walkers in a switching environment},
	volume = {14},
	year = {2016}}

@article{levien2016,
	author = {Levien, Ethan and Bressloff, Paul C},
	date-added = {2018-10-03 16:27:48 -0400},
	date-modified = {2018-10-03 16:27:52 -0400},
	journal = {arXiv preprint arXiv:1609.02502},
	title = {Coupling sample paths to the partial thermodynamic limit in stochastic chemical reaction networks},
	year = {2016}}

@book{trefethen1997,
	author = {Trefethen, Lloyd N and Bau III, David},
	date-added = {2018-10-03 09:27:58 -0400},
	date-modified = {2018-10-03 09:28:02 -0400},
	publisher = {Siam},
	title = {Numerical linear algebra},
	volume = {50},
	year = {1997}}

@book{chicone2006,
	author = {Chicone, Carmen},
	date-added = {2018-10-01 18:10:53 -0400},
	date-modified = {2018-10-01 18:10:58 -0400},
	publisher = {Springer Science \& Business Media},
	title = {Ordinary differential equations with applications},
	volume = {34},
	year = {2006}}

@misc{murray2007,
	author = {Murray, James D},
	date-added = {2018-10-01 17:58:14 -0400},
	date-modified = {2018-10-01 17:58:20 -0400},
	publisher = {New York, Springer},
	title = {Mathematical biology: I. An Introduction (interdisciplinary applied mathematics)(Pt. 1)},
	year = {2007}}

@book{murray2001,
	author = {Murray, James D},
	date-added = {2018-10-01 17:57:59 -0400},
	date-modified = {2018-10-01 17:58:04 -0400},
	publisher = {Springer-Verlag New York Incorporated New York},
	title = {Mathematical biology. II Spatial models and biomedical applications $\{$Interdisciplinary Applied Mathematics V. 18$\}$},
	year = {2001}}

@article{novozhilov2012,
	author = {Novozhilov, Artem S and Posvyanskii, Vladimir P and Bratus, Alexander S},
	date-added = {2018-10-01 17:55:30 -0400},
	date-modified = {2018-10-01 17:55:34 -0400},
	journal = {Russian Journal of Numerical Analysis and Mathematical Modelling},
	number = {6},
	pages = {555--564},
	publisher = {De Gruyter},
	title = {On the reaction--diffusion replicator systems: spatial patterns and asymptotic behaviour},
	volume = {26},
	year = {2012}}

@article{vickers1991,
	author = {Vickers, GT},
	date-added = {2018-10-01 17:54:47 -0400},
	date-modified = {2018-10-01 17:54:51 -0400},
	journal = {Journal of theoretical biology},
	number = {3},
	pages = {329--337},
	publisher = {Elsevier},
	title = {Spatial patterns and travelling waves in population genetics},
	volume = {150},
	year = {1991}}

@incollection{smale2000,
	author = {Smale, Steve},
	booktitle = {The Collected Papers of Stephen Smale: Volume 2},
	date-added = {2018-10-01 17:53:24 -0400},
	date-modified = {2018-10-01 17:53:31 -0400},
	pages = {997--999},
	publisher = {World Scientific},
	title = {On the differential equations of species in competition},
	year = {2000}}

@article{thattai2004,
	author = {Thattai, Mukund and Van Oudenaarden, Alexander},
	date-added = {2018-10-01 11:11:44 -0400},
	date-modified = {2018-10-01 11:11:48 -0400},
	journal = {Genetics},
	number = {1},
	pages = {523--530},
	publisher = {Genetics Soc America},
	title = {Stochastic gene expression in fluctuating environments},
	volume = {167},
	year = {2004}}

@article{benaim2014,
	author = {Bena{\"\i}m, Michel and Le Borgne, St{\'e}phane and Malrieu, Florent and Zitt, Pierre-Andr{\'e} and others},
	date-added = {2018-09-30 21:18:44 -0400},
	date-modified = {2018-09-30 21:18:48 -0400},
	journal = {The Annals of Applied Probability},
	number = {1},
	pages = {292--311},
	publisher = {Institute of Mathematical Statistics},
	title = {On the stability of planar randomly switched systems},
	volume = {24},
	year = {2014}}

@article{lawley2013,
	author = {Lawley, Sean D and Mattingly, Jonathan C and Reed, Michael C},
	date-added = {2018-09-30 21:16:55 -0400},
	date-modified = {2018-09-30 21:17:00 -0400},
	journal = {arXiv preprint arXiv:1310.2525},
	title = {Sensitivity to switching rates in stochastically switched ODEs},
	year = {2013}}

@article{lewontin1969,
	author = {Lewontin, Richard C and Cohen, Daniel},
	date-added = {2018-09-17 10:45:50 -0400},
	date-modified = {2018-09-17 10:45:54 -0400},
	journal = {Proceedings of the National Academy of sciences},
	number = {4},
	pages = {1056--1060},
	publisher = {National Acad Sciences},
	title = {On population growth in a randomly varying environment},
	volume = {62},
	year = {1969}}

@article{lawley2016,
	author = {Lawley, Sean D},
	date-added = {2018-09-07 23:12:57 -0400},
	date-modified = {2018-09-07 23:13:03 -0400},
	journal = {SIAM Journal on Applied Dynamical Systems},
	number = {3},
	pages = {1410--1433},
	publisher = {SIAM},
	title = {Boundary value problems for statistics of diffusion in a randomly switching environment: PDE and SDE perspectives},
	volume = {15},
	year = {2016}}

@article{chou2016,
	author = {Chou, Tom and Greenman, Chris D},
	date-added = {2018-09-07 22:18:54 -0400},
	date-modified = {2018-09-07 22:18:59 -0400},
	journal = {Journal of statistical physics},
	number = {1},
	pages = {49--76},
	publisher = {Springer},
	title = {A hierarchical kinetic theory of birth, death and fission in age-structured interacting populations},
	volume = {164},
	year = {2016}}

@article{iyer2014,
	author = {Iyer-Biswas, Srividya and Wright, Charles S and Henry, Jonathan T and Lo, Klevin and Burov, Stanislav and Lin, Yihan and Crooks, Gavin E and Crosson, Sean and Dinner, Aaron R and Scherer, Norbert F},
	date-added = {2018-09-07 18:30:43 -0400},
	date-modified = {2018-09-07 18:30:47 -0400},
	journal = {Proceedings of the National Academy of Sciences},
	number = {45},
	pages = {15912--15917},
	publisher = {National Acad Sciences},
	title = {Scaling laws governing stochastic growth and division of single bacterial cells},
	volume = {111},
	year = {2014}}

@article{cerulus2016,
	author = {Cerulus, Bram and New, Aaron M and Pougach, Ksenia and Verstrepen, Kevin J},
	date-added = {2018-09-07 17:03:06 -0400},
	date-modified = {2018-09-07 17:03:10 -0400},
	journal = {Current Biology},
	number = {9},
	pages = {1138--1147},
	publisher = {Elsevier},
	title = {Noise and epigenetic inheritance of single-cell division times influence population fitness},
	volume = {26},
	year = {2016}}

@article{rackauckas2017,
	author = {Rackauckas, Christopher and Nie, Qing},
	date-added = {2018-09-07 16:13:51 -0400},
	date-modified = {2018-09-07 16:13:56 -0400},
	journal = {Journal of Open Research Software},
	number = {1},
	publisher = {Ubiquity Press},
	title = {Differentialequations. jl--a performant and feature-rich ecosystem for solving differential equations in Julia},
	volume = {5},
	year = {2017}}

@article{levien2015,
	author = {Levien, Ethan and Bressloff, Paul C},
	date-added = {2018-09-07 15:54:02 -0400},
	date-modified = {2018-09-07 15:54:06 -0400},
	journal = {Physical Review E},
	number = {4},
	pages = {042129},
	publisher = {APS},
	title = {Quasi-steady-state analysis of coupled flashing ratchets},
	volume = {92},
	year = {2015}}

@article{bressloff2017,
	author = {Bressloff, Paul C and Karamched, Bhargav R and Lawley, Sean D and Levien, Ethan},
	date-added = {2018-09-07 15:53:05 -0400},
	date-modified = {2018-09-07 15:53:10 -0400},
	journal = {Physical Review E},
	number = {2},
	pages = {022102},
	publisher = {APS},
	title = {Diffusive transport in the presence of stochastically gated absorption},
	volume = {96},
	year = {2017}}

@article{balaban2004,
	author = {Balaban, Nathalie Q and Merrin, Jack and Chait, Remy and Kowalik, Lukasz and Leibler, Stanislas},
	date-added = {2018-09-07 14:05:19 -0400},
	date-modified = {2018-09-07 14:05:24 -0400},
	journal = {Science},
	number = {5690},
	pages = {1622--1625},
	publisher = {American Association for the Advancement of Science},
	title = {Bacterial persistence as a phenotypic switch},
	volume = {305},
	year = {2004}}

@article{kussell2005b,
	author = {Kussell, Edo and Leibler, Stanislas},
	date-added = {2018-09-07 12:05:28 -0400},
	date-modified = {2018-09-07 12:05:36 -0400},
	journal = {Science},
	number = {5743},
	pages = {2075--2078},
	publisher = {American Association for the Advancement of Science},
	title = {Phenotypic diversity, population growth, and information in fluctuating environments},
	volume = {309},
	year = {2005}}

@article{kussell2005,
	author = {Kussell, Edo L and Kishony, Roy and Balaban, Nathalie Q and Leibler, Stanislas},
	date-added = {2018-09-07 12:04:42 -0400},
	date-modified = {2018-09-07 12:04:47 -0400},
	journal = {Genetics},
	publisher = {Genetics Soc America},
	title = {Bacterial persistence: a model of survival in changing environments},
	year = {2005}}

@article{tsimring2014,
	author = {Tsimring, Lev S},
	date-added = {2018-09-07 11:50:43 -0400},
	date-modified = {2018-09-07 11:50:47 -0400},
	journal = {Reports on Progress in Physics},
	number = {2},
	pages = {026601},
	publisher = {IOP Publishing},
	title = {Noise in biology},
	volume = {77},
	year = {2014}}

@article{eldar2010,
	author = {Eldar, Avigdor and Elowitz, Michael B},
	date-added = {2018-09-07 11:49:33 -0400},
	date-modified = {2018-09-07 11:49:37 -0400},
	journal = {Nature},
	number = {7312},
	pages = {167},
	publisher = {Nature Publishing Group},
	title = {Functional roles for noise in genetic circuits},
	volume = {467},
	year = {2010}}

@book{smith1995,
	author = {Smith, Hal L and Waltman, Paul},
	date-added = {2018-09-07 11:36:35 -0400},
	date-modified = {2018-09-07 11:36:39 -0400},
	publisher = {Cambridge university press},
	title = {The theory of the chemostat: dynamics of microbial competition},
	volume = {13},
	year = {1995}}

@article{novick1950,
	author = {Novick, Aaron and Szilard, Leo},
	date-added = {2018-09-07 11:33:47 -0400},
	date-modified = {2018-09-07 11:33:52 -0400},
	journal = {Proceedings of the National Academy of Sciences},
	number = {12},
	pages = {708--719},
	publisher = {National Acad Sciences},
	title = {Experiments with the chemostat on spontaneous mutations of bacteria},
	volume = {36},
	year = {1950}}

@article{kimmel2002,
	author = {Kimmel, Marek and Axelrod, David E},
	date-added = {2018-09-07 11:16:28 -0400},
	date-modified = {2018-09-07 11:16:40 -0400},
	title = {Branching Processes in Biology (Interdisciplinary Applied Mathematics)},
	year = {2002}}

@article{bellman1948,
	author = {Bellman, Richard and Harris, Theodore E},
	date-added = {2018-09-07 11:08:57 -0400},
	date-modified = {2018-09-07 11:09:00 -0400},
	journal = {Proceedings of the National Academy of Sciences},
	number = {12},
	pages = {601--604},
	publisher = {National Acad Sciences},
	title = {On the theory of age-dependent stochastic branching processes},
	volume = {34},
	year = {1948}}

@inproceedings{moran1958,
	author = {Moran, Patrick Alfred Pierce},
	booktitle = {Mathematical Proceedings of the Cambridge Philosophical Society},
	date-added = {2018-09-06 18:36:56 -0400},
	date-modified = {2018-09-06 18:37:01 -0400},
	number = {1},
	organization = {Cambridge University Press},
	pages = {60--71},
	title = {Random processes in genetics},
	volume = {54},
	year = {1958}}

@article{ho2018,
	author = {Ho, Po-Yi and Lin, Jie and Amir, Ariel},
	date-added = {2018-09-06 18:29:32 -0400},
	date-modified = {2018-09-17 14:52:55 -0400},
	journal = {Annual Review of Biophysics},
	pages = {251--271},
	publisher = {Annual Reviews},
	title = {Modeling Cell Size Regulation: From Single-Cell-Level Statistics to Molecular Mechanisms and Population-Level Effects},
	volume = {47},
	year = {2018}}

@article{fritsch2015,
	author = {Fritsch, Coralie and Harmand, J{\'e}r{\^o}me and Campillo, Fabien},
	date-added = {2018-09-06 18:25:55 -0400},
	date-modified = {2018-09-06 18:26:00 -0400},
	journal = {Ecological Modelling},
	pages = {1--13},
	publisher = {Elsevier},
	title = {A modeling approach of the chemostat},
	volume = {299},
	year = {2015}}

@article{elena4,
	author = {Elena, S and Lenski, RE},
	date-added = {2018-09-06 18:24:47 -0400},
	date-modified = {2018-09-17 14:52:36 -0400},
	journal = {Nature Rev. Genetics},
	pages = {457},
	title = {Evolution experiments with microorganisms: the dynamics and genetic bases of adaptation, 2003},
	volume = {4}}

@article{toprak2013,
	author = {Toprak, Erdal and Veres, Adrian and Yildiz, Sadik and Pedraza, Juan M and Chait, Remy and Paulsson, Johan and Kishony, Roy},
	date-added = {2018-09-06 18:22:51 -0400},
	date-modified = {2018-09-06 18:22:56 -0400},
	journal = {Nature protocols},
	number = {3},
	pages = {555},
	publisher = {Nature Publishing Group},
	title = {Building a morbidostat: an automated continuous-culture device for studying bacterial drug resistance under dynamically sustained drug inhibition},
	volume = {8},
	year = {2013}}

@article{brauner2016,
	author = {Brauner, Asher and Fridman, Ofer and Gefen, Orit and Balaban, Nathalie Q},
	date-added = {2018-09-05 18:43:52 -0400},
	date-modified = {2018-09-05 18:43:57 -0400},
	journal = {Nature Reviews Microbiology},
	number = {5},
	pages = {320},
	publisher = {Nature Publishing Group},
	title = {Distinguishing between resistance, tolerance and persistence to antibiotic treatment},
	volume = {14},
	year = {2016}}

@article{amir2018,
	author = {Amir, Ariel and Balaban, Nathalie Q},
	date-added = {2018-09-05 18:19:15 -0400},
	date-modified = {2018-09-05 18:19:19 -0400},
	journal = {Trends in microbiology},
	publisher = {Elsevier},
	title = {Learning from Noise: How Observing Stochasticity May Aid Microbiology},
	year = {2018}}

@article{de2017,
	author = {De Jong, Hidde and Casagranda, Stefano and Giordano, Nils and Cinquemani, Eugenio and Ropers, Delphine and Geiselmann, Johannes and Gouz{\'e}, Jean-Luc},
	date-added = {2018-09-05 18:16:37 -0400},
	date-modified = {2018-09-05 18:16:41 -0400},
	journal = {Journal of The Royal Society Interface},
	number = {136},
	pages = {20170502},
	publisher = {The Royal Society},
	title = {Mathematical modelling of microbes: metabolism, gene expression and growth},
	volume = {14},
	year = {2017}}

@article{olivier2016,
	author = {Olivier, Ad{\'e}la{\"\i}de},
	date-added = {2018-09-05 18:14:56 -0400},
	date-modified = {2018-09-17 14:56:15 -0400},
	journal = {Kinetic and Related Models},
	number = {1937-5093.2017.2.481},
	pages = {481},
	title = {How does variability in cells aging and growth rates influence the malthus parameter?},
	volume = {10},
	year = {2017}}

@electronic{thomas2018,
	author = {Thomas, Philipp and Terradot, Guillaume and Danos, Vincent and Weisse, Andrea},
	date-added = {2018-09-05 18:13:26 -0400},
	date-modified = {2018-09-17 14:53:27 -0400},
	journal = {bioRxiv},
	publisher = {Cold Spring Harbor Laboratory},
	title = {Stochasticity of cellular growth: sources, propagation and consequences},
	year = {2018}}

@article{hillman2017,
	author = {Hillman, Ethan T and Lu, Hang and Yao, Tianming and Nakatsu, Cindy H},
	date-added = {2018-09-05 18:10:40 -0400},
	date-modified = {2018-09-05 18:10:46 -0400},
	journal = {Microbes and environments},
	number = {4},
	pages = {300--313},
	publisher = {Japanese Society of Microbial Ecology{\textperiodcentered} The Japanese Society of Soil Microbiology},
	title = {Microbial ecology along the gastrointestinal tract},
	volume = {32},
	year = {2017}}

@article{schaechter2015,
	author = {Schaechter, Moselio},
	date-added = {2018-09-05 17:57:23 -0400},
	date-modified = {2018-09-05 17:57:28 -0400},
	journal = {Frontiers in microbiology},
	pages = {289},
	publisher = {Frontiers},
	title = {A brief history of bacterial growth physiology},
	volume = {6},
	year = {2015}}

@article{neidhardt1999,
	author = {Neidhardt, Frederick C},
	date-added = {2018-09-05 17:53:29 -0400},
	date-modified = {2018-09-05 17:53:35 -0400},
	journal = {Journal of bacteriology},
	number = {24},
	pages = {7405--7408},
	publisher = {Am Soc Microbiol},
	title = {Bacterial growth: constant obsession withdN/dt},
	volume = {181},
	year = {1999}}

@book{zimmer2008microcosm,
	author = {Zimmer, Carl},
	date-added = {2018-09-05 17:46:46 -0400},
	date-modified = {2018-09-05 17:49:16 -0400},
	publisher = {Vintage Books},
	title = {Microcosm: E. Coli and the New Science of Life},
	year = {2008}}

@article{fridman2014,
	author = {Fridman, Ofer and Goldberg, Amir and Ronin, Irine and Shoresh, Noam and Balaban, Nathalie Q},
	date-added = {2018-09-05 12:32:20 -0400},
	date-modified = {2018-09-05 12:32:24 -0400},
	journal = {Nature},
	number = {7518},
	pages = {418},
	publisher = {Nature Publishing Group},
	title = {Optimization of lag time underlies antibiotic tolerance in evolved bacterial populations},
	volume = {513},
	year = {2014}}

@article{greulich2015,
	author = {Greulich, Philip and Scott, Matthew and Evans, Martin R and Allen, Rosalind J},
	date-added = {2018-08-13 14:43:21 -0400},
	date-modified = {2018-08-13 14:43:24 -0400},
	journal = {Molecular systems biology},
	number = {3},
	pages = {796},
	publisher = {EMBO Press},
	title = {Growth-dependent bacterial susceptibility to ribosome-targeting antibiotics},
	volume = {11},
	year = {2015}}

@article{manina2015,
	author = {Manina, Giulia and Dhar, Neeraj and McKinney, John D},
	date-added = {2018-08-13 14:23:28 -0400},
	date-modified = {2018-08-13 14:23:35 -0400},
	journal = {Cell host \& microbe},
	number = {1},
	pages = {32--46},
	publisher = {Elsevier},
	title = {Stress and host immunity amplify Mycobacterium tuberculosis phenotypic heterogeneity and induce nongrowing metabolically active forms},
	volume = {17},
	year = {2015}}

@article{claudi2014,
	author = {Claudi, Beatrice and Spr{\"o}te, Petra and Chirkova, Anna and Personnic, Nicolas and Zankl, Janine and Sch{\"u}rmann, Nura and Schmidt, Alexander and Bumann, Dirk},
	date-added = {2018-08-13 14:20:40 -0400},
	date-modified = {2018-08-13 14:20:45 -0400},
	journal = {Cell},
	number = {4},
	pages = {722--733},
	publisher = {Elsevier},
	title = {Phenotypic variation of Salmonella in host tissues delays eradication by antimicrobial chemotherapy},
	volume = {158},
	year = {2014}}

@article{gresham2014,
	author = {Gresham, David and Dunham, Maitreya J},
	date-added = {2018-08-04 12:38:28 -0700},
	date-modified = {2018-08-04 12:38:32 -0700},
	journal = {Genomics},
	number = {6},
	pages = {399--405},
	publisher = {Elsevier},
	title = {The enduring utility of continuous culturing in experimental evolution},
	volume = {104},
	year = {2014}}

@article{powell1956,
	author = {Powell, E. O.},
	date-added = {2018-08-03 14:43:35 -0700},
	date-modified = {2019-06-28 14:12:10 -0400},
	journal = {Microbiology},
	number = {3},
	pages = {492--511},
	publisher = {Microbiology Society},
	title = {Growth rate and generation time of bacteria, with special reference to continuous culture},
	volume = {15},
	year = {1956}}

@article{yang2017,
	author = {Yang, Jason H and Bening, Sarah C and Collins, James J},
	date-added = {2018-08-01 18:14:30 -0700},
	date-modified = {2018-08-01 18:14:34 -0700},
	journal = {Current opinion in microbiology},
	pages = {73--80},
	publisher = {Elsevier},
	title = {Antibiotic efficacy---context matters},
	volume = {39},
	year = {2017},
	bdsk-file-1 = {YnBsaXN0MDDSAQIDBFxyZWxhdGl2ZVBhdGhZYWxpYXNEYXRhXxAdcGRmcy9hbnRpYmlvdGljcy95YW5nMjAxNy5wZGZPEQFgAAAAAAFgAAIAAAxNYWNpbnRvc2ggSEQAAAAAAAAAAAAAAAAAAAAAAAAAQkQAAf////8MeWFuZzIwMTcucGRmAAAAAAAAAAAAAAAAAAAAAAAAAAAAAAAAAAAAAAAAAAAAAAAAAAAAAAAAAAAAAAAAAAAA/////wAAAAAAAAAAAAAAAAABAAQAAAogY3UAAAAAAAAAAAAAAAAAC2FudGliaW90aWNzAAACADMvOlVzZXJzOkU6RHJvcGJveDpiaWI6cGRmczphbnRpYmlvdGljczp5YW5nMjAxNy5wZGYAAA4AGgAMAHkAYQBuAGcAMgAwADEANwAuAHAAZABmAA8AGgAMAE0AYQBjAGkAbgB0AG8AcwBoACAASABEABIAMVVzZXJzL0UvRHJvcGJveC9iaWIvcGRmcy9hbnRpYmlvdGljcy95YW5nMjAxNy5wZGYAABMAAS8AABUAAgAI//8AAAAIAA0AGgAkAEQAAAAAAAACAQAAAAAAAAAFAAAAAAAAAAAAAAAAAAABqA==}}

@article{wang2010,
	author = {Wang, Xiuhong and Zhao, Xilin and Malik, Muhammad and Drlica, Karl},
	date-added = {2018-08-01 18:14:01 -0700},
	date-modified = {2018-08-01 18:14:06 -0700},
	journal = {Journal of Antimicrobial Chemotherapy},
	number = {3},
	pages = {520--524},
	publisher = {Oxford University Press},
	title = {Contribution of reactive oxygen species to pathways of quinolone-mediated bacterial cell death},
	volume = {65},
	year = {2010},
	bdsk-file-1 = {YnBsaXN0MDDSAQIDBFxyZWxhdGl2ZVBhdGhZYWxpYXNEYXRhXxAdcGRmcy9hbnRpYmlvdGljcy93YW5nMjAxMC5wZGZPEQFgAAAAAAFgAAIAAAxNYWNpbnRvc2ggSEQAAAAAAAAAAAAAAAAAAAAAAAAAQkQAAf////8Md2FuZzIwMTAucGRmAAAAAAAAAAAAAAAAAAAAAAAAAAAAAAAAAAAAAAAAAAAAAAAAAAAAAAAAAAAAAAAAAAAA/////wAAAAAAAAAAAAAAAAABAAQAAAogY3UAAAAAAAAAAAAAAAAAC2FudGliaW90aWNzAAACADMvOlVzZXJzOkU6RHJvcGJveDpiaWI6cGRmczphbnRpYmlvdGljczp3YW5nMjAxMC5wZGYAAA4AGgAMAHcAYQBuAGcAMgAwADEAMAAuAHAAZABmAA8AGgAMAE0AYQBjAGkAbgB0AG8AcwBoACAASABEABIAMVVzZXJzL0UvRHJvcGJveC9iaWIvcGRmcy9hbnRpYmlvdGljcy93YW5nMjAxMC5wZGYAABMAAS8AABUAAgAI//8AAAAIAA0AGgAkAEQAAAAAAAACAQAAAAAAAAAFAAAAAAAAAAAAAAAAAAABqA==}}

@article{lobritz2015,
	author = {Lobritz, Michael A and Belenky, Peter and Porter, Caroline BM and Gutierrez, Arnaud and Yang, Jason H and Schwarz, Eric G and Dwyer, Daniel J and Khalil, Ahmad S and Collins, James J},
	date-added = {2018-08-01 18:13:27 -0700},
	date-modified = {2018-08-01 18:13:31 -0700},
	journal = {Proceedings of the National Academy of Sciences},
	pages = {201509743},
	publisher = {National Acad Sciences},
	title = {Antibiotic efficacy is linked to bacterial cellular respiration},
	year = {2015},
	bdsk-file-1 = {YnBsaXN0MDDSAQIDBFxyZWxhdGl2ZVBhdGhZYWxpYXNEYXRhXxAgcGRmcy9hbnRpYmlvdGljcy9sb2JyaXR6MjAxNS5wZGZPEQFqAAAAAAFqAAIAAAxNYWNpbnRvc2ggSEQAAAAAAAAAAAAAAAAAAAAAAAAAQkQAAf////8PbG9icml0ejIwMTUucGRmAAAAAAAAAAAAAAAAAAAAAAAAAAAAAAAAAAAAAAAAAAAAAAAAAAAAAAAAAAAAAAAA/////wAAAAAAAAAAAAAAAAABAAQAAAogY3UAAAAAAAAAAAAAAAAAC2FudGliaW90aWNzAAACADYvOlVzZXJzOkU6RHJvcGJveDpiaWI6cGRmczphbnRpYmlvdGljczpsb2JyaXR6MjAxNS5wZGYADgAgAA8AbABvAGIAcgBpAHQAegAyADAAMQA1AC4AcABkAGYADwAaAAwATQBhAGMAaQBuAHQAbwBzAGgAIABIAEQAEgA0VXNlcnMvRS9Ecm9wYm94L2JpYi9wZGZzL2FudGliaW90aWNzL2xvYnJpdHoyMDE1LnBkZgATAAEvAAAVAAIACP//AAAACAANABoAJABHAAAAAAAAAgEAAAAAAAAABQAAAAAAAAAAAAAAAAAAAbU=}}

@article{delcour2009,
	author = {Delcour, Anne H},
	date-added = {2018-08-01 18:12:42 -0700},
	date-modified = {2018-08-01 18:12:47 -0700},
	journal = {Biochimica et Biophysica Acta (BBA)-Proteins and Proteomics},
	number = {5},
	pages = {808--816},
	publisher = {Elsevier},
	title = {Outer membrane permeability and antibiotic resistance},
	volume = {1794},
	year = {2009},
	bdsk-file-1 = {YnBsaXN0MDDSAQIDBFxyZWxhdGl2ZVBhdGhZYWxpYXNEYXRhXxAgcGRmcy9hbnRpYmlvdGljcy9kZWxjb3VyMjAwOS5wZGZPEQFqAAAAAAFqAAIAAAxNYWNpbnRvc2ggSEQAAAAAAAAAAAAAAAAAAAAAAAAAQkQAAf////8PZGVsY291cjIwMDkucGRmAAAAAAAAAAAAAAAAAAAAAAAAAAAAAAAAAAAAAAAAAAAAAAAAAAAAAAAAAAAAAAAA/////wAAAAAAAAAAAAAAAAABAAQAAAogY3UAAAAAAAAAAAAAAAAAC2FudGliaW90aWNzAAACADYvOlVzZXJzOkU6RHJvcGJveDpiaWI6cGRmczphbnRpYmlvdGljczpkZWxjb3VyMjAwOS5wZGYADgAgAA8AZABlAGwAYwBvAHUAcgAyADAAMAA5AC4AcABkAGYADwAaAAwATQBhAGMAaQBuAHQAbwBzAGgAIABIAEQAEgA0VXNlcnMvRS9Ecm9wYm94L2JpYi9wZGZzL2FudGliaW90aWNzL2RlbGNvdXIyMDA5LnBkZgATAAEvAAAVAAIACP//AAAACAANABoAJABHAAAAAAAAAgEAAAAAAAAABQAAAAAAAAAAAAAAAAAAAbU=}}

@article{rulands2014,
	author = {Rulands, Steffen and Jahn, David and Frey, Erwin},
	date-added = {2018-06-01 04:14:36 +0000},
	date-modified = {2018-06-01 04:14:39 +0000},
	journal = {Physical review letters},
	number = {10},
	pages = {108102},
	publisher = {APS},
	title = {Specialization and bet hedging in heterogeneous populations},
	volume = {113},
	year = {2014},
	bdsk-file-1 = {YnBsaXN0MDDSAQIDBFxyZWxhdGl2ZVBhdGhZYWxpYXNEYXRhXxAUcGRmcy9ydWxhbmRzMjAxNC5wZGZPEQFKAAAAAAFKAAIAAAxNYWNpbnRvc2ggSEQAAAAAAAAAAAAAAAAAAAAAAAAAQkQAAf////8PcnVsYW5kczIwMTQucGRmAAAAAAAAAAAAAAAAAAAAAAAAAAAAAAAAAAAAAAAAAAAAAAAAAAAAAAAAAAAAAAAA/////wAAAAAAAAAAAAAAAAABAAMAAAogY3UAAAAAAAAAAAAAAAAABHBkZnMAAgAqLzpVc2VyczpFOkRyb3Bib3g6YmliOnBkZnM6cnVsYW5kczIwMTQucGRmAA4AIAAPAHIAdQBsAGEAbgBkAHMAMgAwADEANAAuAHAAZABmAA8AGgAMAE0AYQBjAGkAbgB0AG8AcwBoACAASABEABIAKFVzZXJzL0UvRHJvcGJveC9iaWIvcGRmcy9ydWxhbmRzMjAxNC5wZGYAEwABLwAAFQACAAj//wAAAAgADQAaACQAOwAAAAAAAAIBAAAAAAAAAAUAAAAAAAAAAAAAAAAAAAGJ}}

@article{weisse2015,
	author = {Wei{\ss}e, Andrea Y and Oyarz{\'u}n, Diego A and Danos, Vincent and Swain, Peter S},
	date-added = {2018-05-31 21:46:07 +0000},
	date-modified = {2018-05-31 21:46:11 +0000},
	journal = {Proceedings of the National Academy of Sciences},
	number = {9},
	pages = {E1038--E1047},
	publisher = {National Acad Sciences},
	title = {Mechanistic links between cellular trade-offs, gene expression, and growth},
	volume = {112},
	year = {2015},
	bdsk-file-1 = {YnBsaXN0MDDSAQIDBFxyZWxhdGl2ZVBhdGhZYWxpYXNEYXRhXxAScGRmcy93ZWl6ZTIwMTUucGRmTxEBQgAAAAABQgACAAAMTWFjaW50b3NoIEhEAAAAAAAAAAAAAAAAAAAAAAAAAEJEAAH/////DXdlaXplMjAxNS5wZGYAAAAAAAAAAAAAAAAAAAAAAAAAAAAAAAAAAAAAAAAAAAAAAAAAAAAAAAAAAAAAAAAAAP////8AAAAAAAAAAAAAAAAAAQADAAAKIGN1AAAAAAAAAAAAAAAAAARwZGZzAAIAKC86VXNlcnM6RTpEcm9wYm94OmJpYjpwZGZzOndlaXplMjAxNS5wZGYADgAcAA0AdwBlAGkAegBlADIAMAAxADUALgBwAGQAZgAPABoADABNAGEAYwBpAG4AdABvAHMAaAAgAEgARAASACZVc2Vycy9FL0Ryb3Bib3gvYmliL3BkZnMvd2VpemUyMDE1LnBkZgATAAEvAAAVAAIACP//AAAACAANABoAJAA5AAAAAAAAAgEAAAAAAAAABQAAAAAAAAAAAAAAAAAAAX8=}}

@article{lin2018,
	author = {Lin, Jie and Amir, Ariel},
	date-added = {2018-05-31 21:34:15 +0000},
	date-modified = {2018-05-31 21:34:19 +0000},
	journal = {bioRxiv},
	pages = {255950},
	publisher = {Cold Spring Harbor Laboratory},
	title = {Homeostasis of protein and mRNA concentrations in growing cells},
	year = {2018},
	bdsk-file-1 = {YnBsaXN0MDDSAQIDBFxyZWxhdGl2ZVBhdGhZYWxpYXNEYXRhXxAjcGRmcy9wcmVwcmludHMvbGluMjAxOC1wcmVwcmludC5wZGZPEQF6AAAAAAF6AAIAAAxNYWNpbnRvc2ggSEQAAAAAAAAAAAAAAAAAAAAAAAAAQkQAAf////8UbGluMjAxOC1wcmVwcmludC5wZGYAAAAAAAAAAAAAAAAAAAAAAAAAAAAAAAAAAAAAAAAAAAAAAAAAAAAAAAAA/////wAAAAAAAAAAAAAAAAABAAQAAAogY3UAAAAAAAAAAAAAAAAACXByZXByaW50cwAAAgA5LzpVc2VyczpFOkRyb3Bib3g6YmliOnBkZnM6cHJlcHJpbnRzOmxpbjIwMTgtcHJlcHJpbnQucGRmAAAOACoAFABsAGkAbgAyADAAMQA4AC0AcAByAGUAcAByAGkAbgB0AC4AcABkAGYADwAaAAwATQBhAGMAaQBuAHQAbwBzAGgAIABIAEQAEgA3VXNlcnMvRS9Ecm9wYm94L2JpYi9wZGZzL3ByZXByaW50cy9saW4yMDE4LXByZXByaW50LnBkZgAAEwABLwAAFQACAAj//wAAAAgADQAaACQASgAAAAAAAAIBAAAAAAAAAAUAAAAAAAAAAAAAAAAAAAHI}}

@article{wakamoto2012,
	author = {Wakamoto, Yuichi and Grosberg, Alexander Y and Kussell, Edo},
	date-added = {2018-05-31 21:23:09 +0000},
	date-modified = {2018-05-31 21:23:13 +0000},
	journal = {Evolution},
	number = {1},
	pages = {115--134},
	publisher = {Wiley Online Library},
	title = {Optimal lineage principle for age-structured populations},
	volume = {66},
	year = {2012}}

@article{schreiber2015,
	author = {Schreiber, Sebastian J},
	date-added = {2018-05-31 21:19:30 +0000},
	date-modified = {2018-05-31 21:19:34 +0000},
	journal = {The American Naturalist},
	number = {6},
	pages = {792--796},
	publisher = {University of Chicago Press Chicago, IL},
	title = {Unifying within-and between-generation bet-hedging theories: an ode to JH Gillespie},
	volume = {186},
	year = {2015},
	bdsk-file-1 = {YnBsaXN0MDDSAQIDBFxyZWxhdGl2ZVBhdGhZYWxpYXNEYXRhXxAWcGRmcy9zY2hyZWliZXIyMDE1LnBkZk8RAVIAAAAAAVIAAgAADE1hY2ludG9zaCBIRAAAAAAAAAAAAAAAAAAAAAAAAABCRAAB/////xFzY2hyZWliZXIyMDE1LnBkZgAAAAAAAAAAAAAAAAAAAAAAAAAAAAAAAAAAAAAAAAAAAAAAAAAAAAAAAAAAAAD/////AAAAAAAAAAAAAAAAAAEAAwAACiBjdQAAAAAAAAAAAAAAAAAEcGRmcwACACwvOlVzZXJzOkU6RHJvcGJveDpiaWI6cGRmczpzY2hyZWliZXIyMDE1LnBkZgAOACQAEQBzAGMAaAByAGUAaQBiAGUAcgAyADAAMQA1AC4AcABkAGYADwAaAAwATQBhAGMAaQBuAHQAbwBzAGgAIABIAEQAEgAqVXNlcnMvRS9Ecm9wYm94L2JpYi9wZGZzL3NjaHJlaWJlcjIwMTUucGRmABMAAS8AABUAAgAI//8AAAAIAA0AGgAkAD0AAAAAAAACAQAAAAAAAAAFAAAAAAAAAAAAAAAAAAABkw==}}

@article{rosenzweig1994,
	author = {Rosenzweig, R Frank and Sharp, RR and Treves, David S and Adams, Julian},
	date-added = {2018-05-31 21:05:10 +0000},
	date-modified = {2018-05-31 21:05:14 +0000},
	journal = {Genetics},
	number = {4},
	pages = {903--917},
	publisher = {Genetics Soc America},
	title = {Microbial evolution in a simple unstructured environment: genetic differentiation in Escherichia coli.},
	volume = {137},
	year = {1994},
	bdsk-file-1 = {YnBsaXN0MDDSAQIDBFxyZWxhdGl2ZVBhdGhZYWxpYXNEYXRhXxAXcGRmcy9yb3Nlbnp3ZWlnMTk5NC5wZGZPEQFYAAAAAAFYAAIAAAxNYWNpbnRvc2ggSEQAAAAAAAAAAAAAAAAAAAAAAAAAQkQAAf////8Scm9zZW56d2VpZzE5OTQucGRmAAAAAAAAAAAAAAAAAAAAAAAAAAAAAAAAAAAAAAAAAAAAAAAAAAAAAAAAAAAA/////wAAAAAAAAAAAAAAAAABAAMAAAogY3UAAAAAAAAAAAAAAAAABHBkZnMAAgAtLzpVc2VyczpFOkRyb3Bib3g6YmliOnBkZnM6cm9zZW56d2VpZzE5OTQucGRmAAAOACYAEgByAG8AcwBlAG4AegB3AGUAaQBnADEAOQA5ADQALgBwAGQAZgAPABoADABNAGEAYwBpAG4AdABvAHMAaAAgAEgARAASACtVc2Vycy9FL0Ryb3Bib3gvYmliL3BkZnMvcm9zZW56d2VpZzE5OTQucGRmAAATAAEvAAAVAAIACP//AAAACAANABoAJAA+AAAAAAAAAgEAAAAAAAAABQAAAAAAAAAAAAAAAAAAAZo=}}

@article{giordano2016,
	author = {Giordano, Nils and Mairet, Francis and Gouz{\'e}, Jean-Luc and Geiselmann, Johannes and De Jong, Hidde},
	date-added = {2018-04-22 01:23:48 +0000},
	date-modified = {2018-04-22 01:23:53 +0000},
	journal = {PLoS computational biology},
	number = {3},
	pages = {e1004802},
	publisher = {Public Library of Science},
	title = {Dynamical allocation of cellular resources as an optimal control problem: novel insights into microbial growth strategies},
	volume = {12},
	year = {2016}}

@article{anderson2007,
	author = {Anderson, David F. and Mattingly, Jonathan C. and Nijhout, H. Frederik and Reed, Michael C.},
	date-added = {2018-04-21 22:43:31 +0000},
	date-modified = {2019-07-23 20:03:16 -0400},
	journal = {Bulletin of Mathematical Biology},
	number = {6},
	pages = {1791--1813},
	publisher = {Springer},
	title = {Propagation of fluctuations in biochemical systems, I: Linear SSC networks},
	volume = {69},
	year = {2007}}

@article{aquino2014,
	author = {Aquino, Gerardo and Tweedy, Luke and Heinrich, Doris and Endres, Robert G},
	date-added = {2018-04-20 23:54:58 +0000},
	date-modified = {2018-04-20 23:55:02 +0000},
	journal = {Scientific reports},
	pages = {5688},
	publisher = {Nature Publishing Group},
	title = {Memory improves precision of cell sensing in fluctuating environments},
	volume = {4},
	year = {2014}}

@article{hilfinger2011,
	author = {Hilfinger, Andreas and Paulsson, Johan},
	date-added = {2018-04-20 23:18:55 +0000},
	date-modified = {2018-04-20 23:19:03 +0000},
	journal = {Proceedings of the National Academy of Sciences},
	number = {29},
	pages = {12167--12172},
	publisher = {National Acad Sciences},
	title = {Separating intrinsic from extrinsic fluctuations in dynamic biological systems},
	volume = {108},
	year = {2011}}

@article{landauer1961,
	author = {Landauer, Rolf},
	date-added = {2018-04-20 23:04:55 +0000},
	date-modified = {2018-04-20 23:05:01 +0000},
	journal = {IBM journal of research and development},
	number = {3},
	pages = {183--191},
	publisher = {Ibm},
	title = {Irreversibility and heat generation in the computing process},
	volume = {5},
	year = {1961}}

@book{alon2006,
	author = {Alon, Uri},
	date-added = {2018-04-20 23:00:03 +0000},
	date-modified = {2019-07-23 20:02:39 -0400},
	publisher = {Springer},
	title = {An introduction to systems biology: design principles of biological circuits},
	year = {2006}}

@article{endres2009,
	author = {Endres, Robert G. and Wingreen, Ned S.},
	date-added = {2018-04-19 22:40:21 +0000},
	date-modified = {2018-04-19 22:40:35 +0000},
	doi = {10.1103/PhysRevLett.103.158101},
	journal = {Physical Review Letters},
	number = {15},
	title = {Maximum Likelihood and the Single Receptor},
	volume = {103},
	year = {2009},
	bdsk-url-1 = {https://doi.org/10.1103/PhysRevLett.103.158101}}

@article{paulsson2000,
	author = {Paulsson, Johan. and Berg, Otto. G. and Ehrenberg, Mans.},
	date-added = {2018-04-19 22:20:44 +0000},
	date-modified = {2019-06-28 14:06:35 -0400},
	doi = {10.1073/pnas.110057697},
	issn = {1091-6490},
	journal = {Proceedings of the National Academy of Sciences},
	number = {13},
	pages = {7148--7153},
	publisher = {Proceedings of the National Academy of Sciences},
	title = {Stochastic focusing: Fluctuation-enhanced sensitivity of intracellular regulation},
	url = {http://dx.doi.org/10.1073/PNAS.110057697},
	volume = {97},
	year = {2000},
	bdsk-url-1 = {http://dx.doi.org/10.1073/PNAS.110057697},
	bdsk-url-2 = {http://dx.doi.org/10.1073/pnas.110057697}}

@article{mora2010,
	author = {Mora, Thierry and Wingreen, Ned S.},
	date-added = {2018-04-19 22:16:19 +0000},
	date-modified = {2018-04-20 22:16:21 +0000},
	doi = {10.1103/PhysRevLett.104.248101},
	journal = {Physical Review Letters},
	keywords = {cell sensing},
	number = {24},
	title = {Limits of Sensing Temporal Concentration Changes by Single Cells},
	volume = {104},
	year = {2010},
	bdsk-url-1 = {https://doi.org/10.1103/PhysRevLett.104.248101}}

@article{arkowitz1999,
	abstract = {Polarized growth in response to external signals is essential for both the internal organization of cells and generation of complex multicellular structures during development. Oriented growth or movement requires specific detection of an external cue, reorganization of the cytoskeleton and subsequent growth or movement. Genetic approaches in both the budding yeast Saccharomyces cerevisiae and the social amoeba Dictyostelium discoideum have shed light on the molecular and cellular aspects of growth or movement towards an external signal. This review discusses the mechanisms and signalling pathways that enable yeast and Dictyostelium cells to translate external signals into directed growth and movement, respectively.},
	author = {Arkowitz, Robert A.},
	date-added = {2018-04-19 22:12:24 +0000},
	date-modified = {2018-04-19 22:12:40 +0000},
	doi = {https://doi.org/10.1016/S0962-8924(98)01412-3},
	issn = {0962-8924},
	journal = {Trends in Cell Biology},
	keywords = {chemotropism, dictyostelium, gradient, GTP-binding protein, receptor, yeast, chemotaxis, chemoattractant},
	number = {1},
	pages = {20 - 27},
	title = {Responding to attraction: chemotaxis and chemotropism in Dictyostelium and yeast},
	url = {http://www.sciencedirect.com/science/article/pii/S0962892498014123},
	volume = {9},
	year = {1999},
	bdsk-url-1 = {http://www.sciencedirect.com/science/article/pii/S0962892498014123},
	bdsk-url-2 = {https://doi.org/10.1016/S0962-8924(98)01412-3}}

@article{moa2003,
	author = {Mao, H. and Cremer, P. S. and Manson, M. D.},
	date-added = {2018-04-19 22:09:09 +0000},
	date-modified = {2018-04-19 22:09:15 +0000},
	doi = {10.1073/pnas.0931258100},
	issn = {1091-6490},
	journal = {Proceedings of the National Academy of Sciences},
	month = {Apr},
	number = {9},
	pages = {5449--5454},
	publisher = {Proceedings of the National Academy of Sciences},
	title = {A sensitive, versatile microfluidic assay for bacterial chemotaxis},
	url = {http://dx.doi.org/10.1073/pnas.0931258100},
	volume = {100},
	year = {2003},
	bdsk-url-1 = {http://dx.doi.org/10.1073/pnas.0931258100}}

@article{lang2014,
	author = {Lang, Alex H. and Fisher, Charles K. and Mora, Thierry and Mehta, Pankaj},
	date-added = {2018-04-19 21:49:47 +0000},
	date-modified = {2018-04-19 21:52:45 +0000},
	doi = {10.1103/PhysRevLett.113.148103},
	journal = {Physical Review Letters},
	number = {14},
	pages = {148103-148105},
	title = {Thermodynamics of Statistical Inference by Cells},
	volume = {113},
	year = {2014},
	bdsk-file-1 = {YnBsaXN0MDDSAQIDBFxyZWxhdGl2ZVBhdGhZYWxpYXNEYXRhXxARcGRmcy9sYW5nMjAxNC5wZGZPEQFAAAAAAAFAAAIAAAxNYWNpbnRvc2ggSEQAAAAAAAAAAAAAAAAAAAAAAAAAQkQAAf////8MbGFuZzIwMTQucGRmAAAAAAAAAAAAAAAAAAAAAAAAAAAAAAAAAAAAAAAAAAAAAAAAAAAAAAAAAAAAAAAAAAAA/////wAAAAAAAAAAAAAAAAABAAMAAAogY3UAAAAAAAAAAAAAAAAABHBkZnMAAgAnLzpVc2VyczpFOkRyb3Bib3g6YmliOnBkZnM6bGFuZzIwMTQucGRmAAAOABoADABsAGEAbgBnADIAMAAxADQALgBwAGQAZgAPABoADABNAGEAYwBpAG4AdABvAHMAaAAgAEgARAASACVVc2Vycy9FL0Ryb3Bib3gvYmliL3BkZnMvbGFuZzIwMTQucGRmAAATAAEvAAAVAAIACP//AAAACAANABoAJAA4AAAAAAAAAgEAAAAAAAAABQAAAAAAAAAAAAAAAAAAAXw=},
	bdsk-url-1 = {https://doi.org/10.1103/PhysRevLett.113.148103}}

@article{mehta2012,
	author = {Mehta, P. and Schwab, D. J.},
	date-added = {2018-04-19 21:33:20 +0000},
	date-modified = {2018-04-19 21:33:36 +0000},
	doi = {10.1073/pnas.1207814109},
	issn = {1091-6490},
	journal = {Proceedings of the National Academy of Sciences},
	month = {Oct},
	number = {44},
	pages = {17978--17982},
	publisher = {Proceedings of the National Academy of Sciences},
	title = {Energetic costs of cellular computation},
	url = {http://dx.doi.org/10.1073/pnas.1207814109},
	volume = {109},
	year = {2012},
	bdsk-file-1 = {YnBsaXN0MDDSAQIDBFxyZWxhdGl2ZVBhdGhZYWxpYXNEYXRhXxAaLi4vLi4vLlRyYXNoL21laHRhMjAxMi5wZGZPEQEwAAAAAAEwAAIAAAxNYWNpbnRvc2ggSEQAAAAAAAAAAAAAAAAAAAAAAAAAQkQAAf////8NbWVodGEyMDEyLnBkZgAAAAAAAAAAAAAAAAAAAAAAAAAAAAAAAAAAAAAAAAAAAAAAAAAAAAAAAAAAAAAAAAAA/////wAAAAAAAAAAAAAAAAACAAIAAAogY3UAAAAAAAAAAAAAAAAABi5UcmFzaAACAB4vOlVzZXJzOkU6LlRyYXNoOm1laHRhMjAxMi5wZGYADgAcAA0AbQBlAGgAdABhADIAMAAxADIALgBwAGQAZgAPABoADABNAGEAYwBpAG4AdABvAHMAaAAgAEgARAASABxVc2Vycy9FLy5UcmFzaC9tZWh0YTIwMTIucGRmABMAAS8AABUAAgAI//8AAAAIAA0AGgAkAEEAAAAAAAACAQAAAAAAAAAFAAAAAAAAAAAAAAAAAAABdQ==},
	bdsk-url-1 = {http://dx.doi.org/10.1073/pnas.1207814109}}

@article{bialek2005,
	author = {Bialek, W. and Setayeshgar, S.},
	date-added = {2018-04-18 20:04:12 +0000},
	date-modified = {2018-04-18 20:04:23 +0000},
	doi = {10.1073/pnas.0504321102},
	issn = {1091-6490},
	journal = {Proceedings of the National Academy of Sciences},
	month = {Jul},
	number = {29},
	pages = {10040--10045},
	publisher = {Proceedings of the National Academy of Sciences},
	title = {Physical limits to biochemical signaling},
	url = {http://dx.doi.org/10.1073/pnas.0504321102},
	volume = {102},
	year = {2005},
	bdsk-url-1 = {http://dx.doi.org/10.1073/pnas.0504321102}}

@article{berg1977,
	abstract = {Statistical fluctuations limit the precision with which a microorganism can, in a given time T, determine the concentration of a chemoattractant in the surrounding medium. The best a cell can do is to monitor continually the state of occupation of receptors distributed over its surface. For nearly optimum performance only a small fraction of the surface need be specifically adsorbing. The probability that a molecule that has collided with the cell will find a receptor is Ns/(Ns + pi a), if N receptors, each with a binding site of radius s, are evenly distributed over a cell of radius a. There is ample room for many indenpendent systems of specific receptors. The adsorption rate for molecules of moderate size cannot be significantly enhanced by motion of the cell or by stirring of the medium by the cell. The least fractional error attainable in the determination of a concentration c is approximately (TcaD) - 1/2, where D is diffusion constant of the attractant. The number of specific receptors needed to attain such precision is about a/s. Data on bacteriophage absorption, bacterial chemotaxis, and chemotaxis in a cellular slime mold are evaluated. The chemotactic sensitivity of Escherichia coli approaches that of the cell of optimum design.},
	author = {Berg, H.C. and Purcell, E.M.},
	date-added = {2018-04-18 19:18:31 +0000},
	date-modified = {2018-04-18 19:18:43 +0000},
	doi = {https://doi.org/10.1016/S0006-3495(77)85544-6},
	issn = {0006-3495},
	journal = {Biophysical Journal},
	number = {2},
	pages = {193 - 219},
	title = {Physics of chemoreception},
	url = {http://www.sciencedirect.com/science/article/pii/S0006349577855446},
	volume = {20},
	year = {1977},
	bdsk-url-1 = {http://www.sciencedirect.com/science/article/pii/S0006349577855446},
	bdsk-url-2 = {https://doi.org/10.1016/S0006-3495(77)85544-6}}

@article{aquino2016,
	abstract = {How cells reliably infer information about their environment is a fundamentally important question. While sensing and signaling generally start with cell-surface receptors, the degree of accuracy with which a cell can measure external ligand concentration with even the simplest device---a single receptor---is surprisingly hard to pin down. Recent studies provide conflicting results for the fundamental physical limits. Comparison is made difficult as different studies either suggest different readout mechanisms of the ligand-receptor occupancy, or differ on how ligand diffusion is implemented. Here we critically analyse these studies and present a unifying perspective on the limits of sensing, with wide-ranging biological implications.},
	author = {Aquino, Gerardo and Wingreen, Ned S. and Endres, Robert G.},
	date-added = {2018-04-18 00:07:53 +0000},
	date-modified = {2018-04-18 19:18:04 +0000},
	day = {01},
	doi = {10.1007/s10955-015-1412-9},
	issn = {1572-9613},
	journal = {Journal of Statistical Physics},
	keywords = {cell sensing, information theory, signalling},
	month = {Mar},
	number = {5},
	pages = {1353--1364},
	title = {Know the Single-Receptor Sensing Limit? Think Again},
	url = {https://doi.org/10.1007/s10955-015-1412-9},
	volume = {162},
	year = {2016},
	bdsk-file-1 = {YnBsaXN0MDDSAQIDBFxyZWxhdGl2ZVBhdGhZYWxpYXNEYXRhXxATcGRmcy9hcXVpbm8yMDE2LnBkZk8RAUgAAAAAAUgAAgAADE1hY2ludG9zaCBIRAAAAAAAAAAAAAAAAAAAAAAAAABCRAAB/////w5hcXVpbm8yMDE2LnBkZgAAAAAAAAAAAAAAAAAAAAAAAAAAAAAAAAAAAAAAAAAAAAAAAAAAAAAAAAAAAAAAAAD/////AAAAAAAAAAAAAAAAAAEAAwAACiBjdQAAAAAAAAAAAAAAAAAEcGRmcwACACkvOlVzZXJzOkU6RHJvcGJveDpiaWI6cGRmczphcXVpbm8yMDE2LnBkZgAADgAeAA4AYQBxAHUAaQBuAG8AMgAwADEANgAuAHAAZABmAA8AGgAMAE0AYQBjAGkAbgB0AG8AcwBoACAASABEABIAJ1VzZXJzL0UvRHJvcGJveC9iaWIvcGRmcy9hcXVpbm8yMDE2LnBkZgAAEwABLwAAFQACAAj//wAAAAgADQAaACQAOgAAAAAAAAIBAAAAAAAAAAUAAAAAAAAAAAAAAAAAAAGG},
	bdsk-file-2 = {YnBsaXN0MDDSAQIDBFxyZWxhdGl2ZVBhdGhZYWxpYXNEYXRhXxAYcGRmcy9hcXVpbm8yMDE2LXN1cHAucGRmTxEBWgAAAAABWgACAAAMTWFjaW50b3NoIEhEAAAAAAAAAAAAAAAAAAAAAAAAAEJEAAH/////E2FxdWlubzIwMTYtc3VwcC5wZGYAAAAAAAAAAAAAAAAAAAAAAAAAAAAAAAAAAAAAAAAAAAAAAAAAAAAAAAAAAP////8AAAAAAAAAAAAAAAAAAQADAAAKIGN1AAAAAAAAAAAAAAAAAARwZGZzAAIALi86VXNlcnM6RTpEcm9wYm94OmJpYjpwZGZzOmFxdWlubzIwMTYtc3VwcC5wZGYADgAoABMAYQBxAHUAaQBuAG8AMgAwADEANgAtAHMAdQBwAHAALgBwAGQAZgAPABoADABNAGEAYwBpAG4AdABvAHMAaAAgAEgARAASACxVc2Vycy9FL0Ryb3Bib3gvYmliL3BkZnMvYXF1aW5vMjAxNi1zdXBwLnBkZgATAAEvAAAVAAIACP//AAAACAANABoAJAA/AAAAAAAAAgEAAAAAAAAABQAAAAAAAAAAAAAAAAAAAZ0=},
	bdsk-url-1 = {https://doi.org/10.1007/s10955-015-1412-9}}

@article{mugler2016,
	author = {Mugler, Andrew and Levchenko, Andre and Nemenman, Ilya},
	date-modified = {2018-04-20 22:16:21 +0000},
	doi = {10.1073/pnas.1509597112},
	issn = {0027-8424},
	journal = {Proceedings of the National Academy of Sciences},
	keywords = {cell--cell communication,fluctuation--dissipation theorem,gradient sensing,linear response theory; cell sensing},
	month = {feb},
	number = {6},
	pages = {E689--E695},
	pmid = {26792517},
	title = {Limits to the precision of gradient sensing with spatial communication and temporal integration},
	url = {http://www.ncbi.nlm.nih.gov/pubmed/26792517 http://www.pubmedcentral.nih.gov/articlerender.fcgi?artid=PMC4760817 http://www.pnas.org/lookup/doi/10.1073/pnas.1509597112},
	volume = {113},
	year = {2016},
	bdsk-url-1 = {http://www.ncbi.nlm.nih.gov/pubmed/26792517%20http://www.pubmedcentral.nih.gov/articlerender.fcgi?artid=PMC4760817%20http://www.pnas.org/lookup/doi/10.1073/pnas.1509597112},
	bdsk-url-2 = {https://doi.org/10.1073/pnas.1509597112}}

@book{bressloff2014book,
	author = {Bressloff, Paul C},
	date-modified = {2018-04-19 21:53:11 +0000},
	publisher = {Springer},
	title = {Stochastic Processes in Cell Biology},
	year = {2014}}

@article{hufton2015,
	author = {Hufton, Peter G and Lin, Yen Ting and Galla, Tobias and McKane, Alan J},
	date-modified = {2018-04-20 22:16:25 +0000},
	journal = {arXiv preprint arXiv:1512.00785},
	keywords = {cell sensing},
	title = {{Intrinsic noise in systems with switching environments}},
	year = {2015}}

@article{elowitz2002,
	author = {Elowitz, Michael B and Levine, Arnold J and Siggia, Eric D and Swain, Peter S},
	date-modified = {2018-04-18 20:13:50 +0000},
	journal = {Science},
	number = {5584},
	title = {{Stochastic Gene Expression in a Single Cell}},
	url = {http://science.sciencemag.org/content/297/5584/1183},
	volume = {297},
	year = {2002},
	bdsk-url-1 = {http://science.sciencemag.org/content/297/5584/1183}}

@article{zwanzig1990,
	author = {Zwanzig, Robert},
	journal = {Accounts of Chemical Research},
	number = {5},
	pages = {148--152},
	publisher = {ACS Publications},
	title = {{Rate processes with dynamical disorder}},
	volume = {23},
	year = {1990}}

@comment{BibDesk Static Groups{
<?xml version="1.0" encoding="UTF-8"?>
<!DOCTYPE plist PUBLIC "-//Apple//DTD PLIST 1.0//EN" "http://www.apple.com/DTDs/PropertyList-1.0.dtd">
<plist version="1.0">
<array>
	<dict>
		<key>group name</key>
		<string>antibiotics</string>
		<key>keys</key>
		<string>delcour2009,lobritz2015,wang2010,yang2017,claudi2014,greulich2015</string>
	</dict>
	<dict>
		<key>group name</key>
		<string>bet hedging</string>
		<key>keys</key>
		<string>kussell2005,kussell2005b,balaban2004,thattai2004,bigger1944,gillespie1974</string>
	</dict>
	<dict>
		<key>group name</key>
		<string>branching processes </string>
		<key>keys</key>
		<string>kimmel2002,bellman1948</string>
	</dict>
	<dict>
		<key>group name</key>
		<string>cell sensing</string>
		<key>keys</key>
		<string>aquino2016</string>
	</dict>
	<dict>
		<key>group name</key>
		<string>continuous culture</string>
		<key>keys</key>
		<string>gresham2014,fritsch2015,novick1950</string>
	</dict>
	<dict>
		<key>group name</key>
		<string>evolution-genreg</string>
		<key>keys</key>
		<string>stewart2012,lassig2007</string>
	</dict>
	<dict>
		<key>group name</key>
		<string>experimental</string>
		<key>keys</key>
		<string>moa2003,arkowitz1999</string>
	</dict>
	<dict>
		<key>group name</key>
		<string>funreads</string>
		<key>keys</key>
		<string>neidhardt1999</string>
	</dict>
	<dict>
		<key>group name</key>
		<string>lagtimes</string>
		<key>keys</key>
		<string>fridman2014,brauner2016</string>
	</dict>
	<dict>
		<key>group name</key>
		<string>microbial growth</string>
		<key>keys</key>
		<string>powell1956,hillman2017,thomas2018,de2017,ho2018,cerulus2016,stewart2005</string>
	</dict>
	<dict>
		<key>group name</key>
		<string>noise-general</string>
		<key>keys</key>
		<string>eldar2010,wolf2015,carey2018</string>
	</dict>
	<dict>
		<key>group name</key>
		<string>pmdps</string>
		<key>keys</key>
		<string>lawley2013,benaim2014</string>
	</dict>
	<dict>
		<key>group name</key>
		<string>population-genetics</string>
		<key>keys</key>
		<string>fisher1931</string>
	</dict>
	<dict>
		<key>group name</key>
		<string>preprints</string>
		<key>keys</key>
		<string>hufton2015,lin2018</string>
	</dict>
	<dict>
		<key>group name</key>
		<string>stochastic gene expression</string>
		<key>keys</key>
		<string>duveau2018,wang2011</string>
	</dict>
	<dict>
		<key>group name</key>
		<string>variability_review</string>
		<key>keys</key>
		<string>kussell2005b,gillespie1974,schreiber2015,lewontin1969,powell1956,meouche2018,wakamoto2012,balaban2004,kussell2005,lin2017,claudi2014,ackermann2007,Hashimoto2016,altschuler2010,duveau2018,nozoe2017,wang2011,wolf2015,kelly1956,hallatschek2018,carja2019,vedel2016</string>
	</dict>
</array>
</plist>
}}
